2723 4326
177 240 298 292 IIII.
336 239 530 294 9-10.
2182 239 2305 302 181

177 418 244 482 in
273 425 529 482 tantum
564 439 660 499 ea,
709 437 902 500 quam
949 415 1410 502 praediximus,
1458 413 1833 479 infirmitate
1879 411 2147 478 decocta
2192 426 2311 500 est,

177 515 248 570 ut
292 507 408 570 uix
453 506 702 569 ossibus
747 504 1069 588 haereret3
1117 513 1181 569 et
1227 502 1310 568 ad
1353 503 1671 588 ultimum,
1720 527 1865 568 cum
1899 513 2153 589 tempus
2183 505 2314 568 iam

179 593 583 659 resolutionis
630 595 768 660 eius
812 595 1108 676 instaret,
1164 615 1292 657 non
1339 592 1545 657 solum
1588 593 2025 657 membrorum
2072 601 2313 658 cetero-

180 706 344 767 rum,
394 682 507 747 sed
539 692 604 747 et
631 683 895 767 linguae
932 691 1109 748 motu
1156 683 1379 746 caruit.
1445 679 1634 759 Quod
1666 681 1819 746 dum
1851 682 2057 746 tribus
2091 681 2315 746 diebus

183 781 246 838 et
289 771 558 837 totidem
603 771 898 836 noctibus
944 779 1275 856 ageretur,
1345 770 1559 835 subito
1604 772 1849 835 uisione
1895 771 2171 858 spiritali
2216 793 2315 834 re-

182 871 422 946 creata,
471 883 541 926 os
588 870 654 926 et
701 861 914 926 oculos
960 863 1240 947 aperuit3
1287 868 1755 946 aspectansque
1799 861 1867 923 in
1904 860 2173 944 caelum,
2222 861 2315 924 sic

183 950 264 1015 ad
297 972 460 1028 eam,
510 971 704 1036 quam
746 948 1134 1031 intuebatur,
1182 950 1496 1013 uisionem
1544 951 1755 1036 coepit
1799 949 1998 1035 loqui:
2051 947 2316 1014 ‘Gratus

182 1039 342 1104 mihi
389 1049 488 1104 est
533 1039 807 1103 multum
853 1037 1168 1104 aduentus
1215 1047 1363 1101 tuus
1410 1046 1475 1103 et
1520 1037 1686 1103 bene
1732 1040 2007 1103 uenisti'.
2070 1039 2159 1102 Et
2194 1036 2316 1102 hoc

183 1129 356 1193 dicto
375 1150 724 1215 parumper
745 1128 1021 1212 reticuit,
1049 1128 1232 1214 quasi
1255 1148 1634 1213 responsum
1655 1128 1809 1211 eius,
1838 1149 2028 1214 quem
2052 1125 2319 1192 uidebat

186 1228 250 1284 et
282 1220 386 1284 cui
416 1217 820 1303 loquebatur,
855 1225 1256 1302 exspectans.
1313 1217 1720 1302 Rursumque
1753 1219 1936 1302 quasi
1965 1216 2194 1281 leuiter
2226 1219 2319 1280 in-

185 1305 452 1392 dignata
485 1306 841 1371 subiunxit:
877 1305 1325 1392 ‘Nequaquam
1356 1303 1479 1370 hoc
1509 1304 1679 1370 laeta
1710 1306 1883 1370 ferre
1905 1309 2109 1392 queo’.
2158 1305 2319 1368 Rur-

185 1417 456 1481 sumque
501 1395 824 1460 modicum
867 1394 1059 1459 silens
1103 1396 1298 1459 tertio
1345 1394 1535 1459 dixit:
1586 1392 1681 1460 ‘Si
1725 1394 2084 1459 nullatenus
2128 1392 2318 1458 hodie

187 1484 326 1549 fieri
344 1492 577 1571 potest,
607 1484 893 1567 obsecr0,
925 1505 1007 1549 ne
1027 1485 1108 1549 sit
1126 1484 1391 1568 longum
1415 1484 1694 1570 spatium
1720 1485 1785 1548 in
1809 1484 2063 1549 medio’.
2110 1483 2317 1564 Dixit,

189 1584 272 1658 et,
320 1576 487 1638 sicut
519 1583 729 1658 antea,
775 1594 1004 1658 parum
1043 1572 1252 1656 silens,
1300 1575 1393 1637 ita
1430 1594 1789 1637 sermonem
1837 1571 2174 1638 conclusit:
2226 1569 2320 1636 ‘Si

187 1661 568 1728 omnimodis
611 1663 704 1726 ita
751 1660 1086 1726 definitum
1133 1670 1230 1726 est
1274 1683 1484 1747 neque
1529 1661 1694 1726 hanc
1740 1663 2123 1726 sententiam
2169 1660 2321 1725 licet

187 1753 524 1835 inmutari,
608 1752 873 1815 obsecro
883 1801 900 1834 ,
961 1773 1045 1815 ne
1105 1751 1380 1835 amplius
1449 1771 1643 1836 quam
1704 1749 1863 1815 haec
1921 1748 2319 1814 solummodo

188 1843 488 1928 proxima
530 1861 660 1904 nox
703 1839 996 1904 intersit'.
1089 1837 1337 1918 Quibus
1397 1837 1613 1922 dictis,
1674 1840 2076 1924 interrogata
2117 1861 2156 1902 a
2202 1841 2321 1902 cir-

191 1929 732 2013 cumsedentibus,
782 1950 928 1991 cum
975 1950 1103 2014 quo
1149 1928 1546 2014 loqueretur:
1599 1925 1783 1991 ‘Cum
1830 1929 2179 1992 carissima'
2223 1929 2317 1992 in·

190 2021 328 2104 quit
377 2020 542 2083 ‘mea
586 2027 794 2082 matre
840 2016 1280 2100 Aedilburge'.
1374 2017 1479 2080 Ex
1524 2038 1650 2102 quo
1696 2018 2090 2102 intellexere,
2149 2014 2321 2103 quod

189 2111 334 2194 ipsa
380 2109 440 2172 ei
485 2116 742 2195 tempus
803 2128 954 2172 suae
1012 2106 1596 2191 transmigrationis
1639 2109 1704 2170 in
1750 2108 2116 2193 proximum
2158 2128 2317 2171 nun-

192 2200 355 2261 tiare
413 2198 711 2261 uenisset.
803 2194 977 2260 Nam
1024 2204 1089 2260 et
1099 2246 1116 2279 ,
1177 2196 1269 2259 ita
1313 2205 1386 2259 ut
1444 2196 1748 2280 rogabat,
1808 2205 2135 2261 transacta
2194 2218 2324 2259 una

190 2284 293 2350 die
340 2308 418 2350 ac
463 2294 680 2369 nocte,
747 2285 954 2349 soluta
1013 2286 1220 2349 carnis
1268 2284 1458 2349 simul
1505 2294 1571 2349 et
1614 2284 2001 2350 infirmitatis
2047 2284 2323 2348 uinculis

185 2376 269 2439 ad
315 2382 618 2439 aeternae
665 2372 905 2459 gaudia
948 2374 1167 2438 salutis
1213 2375 1493 2441 intrauit.

1201 2605 1302 2669 10.

241 2762 321 2819 Vt
359 2761 436 2817 ad
473 2760 864 2829 cymiterium
903 2760 1178 2815 elusdem
1216 2759 1583 2815 monasterii
1624 2773 1807 2816 orans
1844 2774 2025 2816 caeca
2063 2759 2269 2815 lumen

1083 2849 1423 2918 receperit.

367 2992 694 3060 Successit
741 3002 953 3057 autem
997 2992 1387 3077 Aedilburgi
1432 2995 1499 3057 in
1546 2993 1759 3057 officio
1805 2992 2168 3058 abbatissae
2215 2991 2322 3058 de-

190 3090 342 3147 uota
388 3080 508 3146 deo
555 3082 796 3145 famula
838 3083 1096 3147 nomine
1132 3081 1425 3167 Hildilid,
1474 3084 1819 3168 multisque
1865 3084 2067 3166 annis,
2115 3080 2180 3145 id
2227 3092 2327 3146 est

188 3194 394 3257 usque
457 3170 538 3235 ad
596 3170 888 3235 ultimam
954 3180 1378 3255 senectutem,
1453 3172 1655 3236 eidem
1718 3173 2106 3237 monasterio
2166 3179 2325 3236 stre-

187 3261 515 3344 nuissime,
562 3261 630 3324 in
663 3260 1074 3324 obseruantia
1105 3258 1481 3346 disciplinae
1512 3260 1845 3345 regularis,
1888 3270 1951 3325 et
1980 3262 2046 3323 in
2079 3282 2323 3344 earum,

189 3371 353 3434 quae
411 3347 496 3413 ad
555 3370 925 3413 communes
993 3371 1143 3414 usus
1211 3352 1568 3436 pertinent,
1639 3371 1856 3413 rerum
1923 3348 2328 3435 prouidentia

186 3438 488 3524 praefuit.
554 3435 696 3502 Oui·
723 3459 868 3502 cum
913 3448 1177 3524 propter
1222 3440 1587 3525 angustiam
1632 3440 1776 3521 loci,
1826 3440 1892 3502 in
1929 3461 2054 3524 quo
2099 3460 2315 3502 mona-

189 3530 456 3592 sterium
504 3535 940 3591 constructum
989 3536 1112 3612 est,
1175 3529 1549 3613 placuisset,
1611 3536 1683 3591 ut
1738 3548 1881 3592 ossa
1938 3528 2323 3592 famulorum

186 3615 702 3701 famularumque
774 3613 1046 3699 Christi,
1125 3638 1290 3702 quae
1352 3616 1592 3681 ibidem
1660 3616 1914 3679 fuerant
1988 3615 2323 3700 tumulata,

186 3706 566 3771 tollerentur
628 3714 694 3769 et
753 3706 1254 3770 transferrentur
1310 3707 1524 3770 omnia
1576 3707 1641 3770 in
1697 3704 2033 3769 ecclesiam
2094 3706 2325 3770 beatae

187 3792 292 3859 dei
353 3794 730 3878 genetricis,
793 3815 1048 3879 unoque
1108 3793 1533 3859 conderentur
1575 3796 1642 3858 in
1687 3795 1859 3859 loco:
1922 3796 2174 3880 quoties
2232 3792 2325 3859 ibi

187 3883 447 3948 claritas
478 3884 736 3948 luminis
777 3882 1087 3967 caelestis,
1137 3890 1377 3968 quanta
1424 3906 1617 3971 saepe
1662 3882 2005 3969 flagrantia
2050 3880 2324 3948 mirandi
