2723 4326
73 277 82 283 ·
141 203 180 256 1.
225 203 458 258 23—24.
757 189 767 198 ’
2201 204 2285 267 33

145 403 304 467 opus
337 379 612 465 aggredi
643 381 1004 466 coepissent
1047 379 1304 464 iamque
1349 378 1816 464 aliquantulum
1862 379 2108 443 itineris
2140 402 2287 444 con-

142 471 481 550 fecissent,
547 469 829 554 perculsi
890 469 1120 532 timore
1182 469 1374 533 inerti
1436 467 1649 532 redire
1718 466 1981 532 domum
2046 472 2285 555 potius,

147 581 344 645 quam
391 558 758 643 barbaram,
806 557 1012 622 feram
1058 556 1583 643 incredulamque
1631 566 1924 642 gentem,
1977 559 2157 622 cuius
2203 582 2287 624 ne

43 653 60 678 ²
142 649 435 734 linguam
483 645 744 733 quidem
806 655 1102 729 nossent,
1167 644 1348 710 adire
1396 646 1803 732 cogitabant,
1867 656 1933 711 et
1977 646 2099 711 hoc
2148 669 2285 712 esse

143 741 344 802 tutius
395 739 716 802 communi
763 736 1024 800 consilio
1073 734 1527 801 decernebant.
1618 735 1763 801 Nec
1808 759 2011 819 mora,
2059 734 2284 822 Augu-

42 847 73 909 ξι·
145 830 418 910 stinum,
475 847 666 911 quem
716 827 808 890 eis
867 827 1242 912 episcopum
1290 823 1743 910 ordinandum,
1806 827 1863 890 si
1920 826 2004 890 ab
2040 825 2285 912 Anglis

42 938 68 977 .··
145 919 647 1001 susciperentur,
696 915 1122 1001 disposuerat,
1171 913 1431 979 domum
1477 916 1842 996 remittunt,
1894 916 2001 1001 qui
2026 939 2064 980 a
2087 915 2283 980 beato

42 1029 80 1067 22.
147 1003 470 1089 Gregorio
500 1003 728 1068 humili
757 1005 1120 1092 supplicatu
1150 1005 1490 1087 obtineret,
1537 1027 1619 1068 ne
1663 1012 1801 1070 tam
1831 1005 2281 1092 periculosam,

41 1116 76 1156 ῑ;;
143 1104 281 1160 tam
327 1092 734 1176 laboriosam,
782 1103 916 1158 tam
961 1095 1272 1158 incertam
1317 1095 1907 1179 peregrinationem
1952 1094 2132 1159 adire
2180 1095 2283 1158 de-

42 1217 74 1247 :t
145 1184 393 1249 berent.
475 1179 722 1259 Quibus
754 1183 861 1246 ille
893 1182 1364 1248 exhortatorias
1410 1184 1675 1248 mittens
1706 1184 1975 1265 litteraS,
2024 1186 2091 1248 in
2124 1205 2285 1271 opus

144 1296 252 1337 eos
297 1272 504 1353 uerbi,
553 1270 770 1334 diuino
803 1269 1072 1336 confisos
1105 1273 1365 1354 auxilio,
1414 1272 1737 1358 proficisci
1783 1271 2031 1340 suadet.
2110 1271 2285 1351 Qua-

61 1385 68 1420 ÷
142 1385 288 1426 rum
333 1360 638 1426 uidelicet
680 1360 1043 1426 litterarum
1087 1363 1213 1425 ista
1259 1371 1358 1426 est
1404 1363 1644 1426 forma:

234 1449 621 1535 ‘Gregorius
667 1471 889 1514 seruus
935 1471 1268 1514 seruorum
1315 1449 1419 1514 dei
1460 1455 1663 1515 seruis
1696 1449 1938 1516 domini
1969 1452 2191 1516 nostri.

45 1597 66 1604 ‚a
323 1539 495 1618 Quia
540 1537 766 1603 melius
811 1539 1026 1604 fuerat
1072 1539 1240 1604 bona
1268 1561 1399 1603 non
1430 1540 1735 1626 incipere,
1785 1561 1980 1626 quam
2025 1540 2108 1604 ab
2156 1539 2278 1622 his,

59 1653 68 1690 ;
144 1653 310 1715 quae
361 1637 590 1714 coepta
635 1637 813 1712 sunt,
881 1629 1269 1713 cogitatione
1327 1637 1683 1694 retrorsum
1744 1629 1984 1711 redire,
2032 1651 2283 1694 summo

42 1746 56 1782 >5
143 1718 356 1783 studio
367 1769 386 1802 ,
451 1717 846 1782 dilectissimi
890 1717 1034 1800 filii,
1093 1727 1380 1803 oportet,
1444 1727 1516 1781 ut
1562 1739 1722 1803 opus
1769 1717 2041 1801 bonum,
2112 1717 2283 1804 quod

42 1829 72 1873 24
144 1809 500 1873 auxiliante
562 1807 820 1871 domino
887 1808 1183 1892 coepistis
1201 1857 1218 1889 ,
1281 1807 1625 1892 impleatis.
1726 1805 1867 1871 Nec
1924 1807 2109 1872 labor
2165 1828 2285 1872 uos

42 1897 69 1963 .ss
143 1921 301 1982 ergo
348 1897 598 1961 itineris
641 1917 762 1960 nec
806 1894 1268 1960 maledicorum
1314 1895 1645 1960 hominum
1692 1895 1953 1978 linguae
1996 1894 2279 1962 deterre-

43 2015 52 2020 ’
142 1997 280 2052 ant:
333 1984 449 2050 sed
481 1986 654 2049 omni
698 1986 1006 2049 instantia
1038 1985 1340 2070 omnique
1373 1984 1645 2068 feruore,
1696 2004 1863 2068 quae
1909 1985 2281 2070 inchoastis,

42 2104 52 2141 ς
144 2076 265 2141 deo
313 2084 579 2139 auctore
623 2075 948 2160 peragite:
1022 2076 1328 2157 scientes,
1395 2073 1566 2158 quod
1624 2073 1913 2137 laborem
1973 2095 2283 2160 magnum

44 2193 54 2231 ;
142 2168 352 2231 maior
410 2174 714 2229 aeternae
773 2162 1216 2227 retributionis
1273 2161 1483 2248 gloria
1541 2163 1851 2249 sequitur.
1944 2162 2283 2229 Remeanti

50 2254 66 2315 ἑ·
145 2264 366 2320 autem
424 2253 790 2338 Augustino
851 2253 1216 2337 praeposito
1281 2262 1530 2334 uestro,
1597 2274 1793 2339 quem
1853 2261 1919 2317 et
1978 2253 2283 2318 abbatem

43 2370 63 2409 :s
144 2346 330 2410 uobis
355 2344 821 2425 constituimus,
855 2343 921 2405 in
955 2341 1250 2405 omnibus
1280 2341 1607 2406 humiliter
1640 2341 1971 2407 oboedite:
2008 2344 2285 2409 scientes

144 2434 266 2498 hoc
313 2434 552 2497 uestris
596 2432 936 2497 animabus
983 2454 1100 2517 per
1146 2432 1361 2495 omnia
1407 2431 1839 2517 profuturum,
1890 2430 2200 2518 quidquid
2245 2456 2285 2496 a

143 2523 331 2587 uobis
381 2522 577 2585 fuerit
622 2522 687 2584 in
734 2523 869 2585 eius
901 2520 1336 2585 admonitione
1368 2520 1778 2607 completum.
1856 2519 2282 2607 Omnipotens

145 2611 302 2676 deus
370 2632 486 2674 sua
547 2632 662 2673 uos
719 2612 932 2695 gratia
990 2618 1297 2696 protegat
1344 2618 1409 2672 et
1455 2612 1659 2674 uestri
1705 2609 1944 2673 laboris
2000 2610 2283 2674 fructum

42 2764 54 2777 „
143 2703 207 2765 in
252 2708 523 2766 aeterna
571 2722 675 2763 me
720 2701 934 2785 patria
979 2697 1201 2763 uidere
1249 2697 1595 2783 concedat3
1646 2707 1959 2785 quatenus
1992 2711 2057 2763 et
2089 2701 2144 2763 si
2173 2721 2282 2763 uo-

42 2782 54 2848 f‘
144 2791 398 2856 biscum
443 2788 738 2852 laborare
781 2810 1053 2875 neque0,
1102 2788 1293 2853 simul
1337 2790 1404 2851 in
1451 2787 1685 2872 gaudio
1718 2788 2157 2853 retributionis
2189 2789 2280 2851 in-

143 2882 399 2963 ueniar,
463 2879 612 2963 quia
654 2878 950 2942 laborare
997 2877 1242 2943 scilicet
1285 2876 1451 2941 11010.
1540 2878 1722 2943 Deus
1767 2900 1885 2942 uos
1931 2880 2282 2943 incolumes

42 3022 44 3027 ,
145 2968 488 3051 custodiat,
537 2965 933 3031 dilectissimi
978 2966 1112 3031 fflii.

320 3058 502 3123 Data
535 3055 636 3120 die
668 3056 917 3120 decima
947 3054 1390 3120 Kalendarum
1420 3055 1889 3140 Augustarum,
1925 3058 2281 3143 imperante

42 3138 44 3171 ἶ
143 3148 407 3213 domino
470 3154 688 3210 nostro
733 3142 1050 3209 Mauricio
1100 3144 1369 3209 Tiberio
1423 3146 1711 3231 piissimo
1759 3143 2060 3229 Augusto
2116 3167 2281 3209 anno

44 3312 45 3319 ἵ
142 3238 396 3302 decimo
461 3244 690 3321 quarto
705 3282 724 3315 ,
783 3242 930 3321 post
985 3234 1392 3300 consulatum
1448 3232 1735 3299 eiusdem
1794 3232 2037 3298 domini
2081 3236 2284 3298 nostri

44 3362 45 3375 π
143 3350 310 3391 anno
362 3323 616 3389 decimo
661 3325 876 3405 terti0,
924 3324 1275 3389 indictione
1322 3323 1573 3388 decima
1620 3323 1892 3408 quarta.'

307 3482 318 3495 ί
372 3480 400 3505 ,1

1160 3478 1282 3566 24.’

197 3606 282 3665 vt
318 3604 680 3663 Arelatensi
719 3604 1006 3676 episeopo
1046 3605 1382 3732 eplftuliatm
1415 3616 1531 3674 pro
1570 3618 1783 3660 eorum
1820 3602 2215 3673 susceptione

1085 3694 1142 3732 m
1171 3692 1274 3733 ser
1335 3712 1354 3731 .

321 3768 506 3834 Misit
555 3770 750 3835 etiam
791 3778 944 3833 tunc
973 3769 1178 3834 isdem
1208 3767 1612 3833 uenerandus
1643 3767 1939 3853 pontifex
1970 3768 2051 3833 ad
2082 3767 2280 3834 Ethe-

141 3862 313 3924 rium
345 3857 800 3924 Arelatensem
847 3860 1240 3945 episcopum,
1287 3868 1360 3922 ut
1405 3856 1842 3942 Augustinum
1891 3856 2281 3924 Brittaniam

305 3965 486 4005 Baedae
514 3963 624 4003 hist.
653 3964 765 4004 eccl.
1928 3964 1961 4019 3
