2723 4326
401 211 529 275 286
2335 209 2400 260 V.
2439 210 2532 263 24.

398 383 463 447 N
468 382 1085 469 ordanhymbrorum
1135 385 1438 469 prosapia
1493 385 1809 468 originem
1839 394 2034 467 tenet,
2079 395 2143 450 et
2175 384 2316 449 XII
2347 387 2534 449 annis

398 475 463 539 in
509 494 710 557 regno
756 476 1129 559 permansit.

577 561 767 626 Anno
816 561 1095 625 DLXV.
1178 559 1494 625 Columba
1537 563 1881 650 presbyter
1929 564 2008 629 de
2057 560 2306 628 Scottia
2353 564 2536 627 uenit

397 651 785 715 Brittaniam
846 649 928 714 ad
989 650 1305 715 docendos
1351 650 1566 715 Pictos
1630 662 1695 717 et
1752 655 1819 716 in
1884 652 2092 717 insula
2134 651 2249 716 Hii
2311 674 2532 715 mona—

398 742 664 805 sterium
709 739 880 803 fecit.

574 826 764 892 Anno
800 826 1109 892 DXCVI.
1176 826 1535 913 Gregorius
1566 851 1737 916 papa
1766 830 1942 893 misit
1975 828 2364 893 Brittaniam
2396 826 2526 893 Au-

398 920 726 1002 gustinum
772 939 918 979 cum
966 916 1315 1002 monachiS,
1365 920 1476 1001 qui
1516 918 1788 982 uerbum
1820 918 1924 983 dei
1953 920 2134 1003 genti
2164 916 2534 1002 Anglorum

398 1005 936 1090 euangelizarent.

574 1093 764 1157 Anno
797 1093 1143 1159 DXCVII.
1192 1116 1432 1159 uenere
1455 1094 1843 1160 Brittaniam
1891 1096 2166 1182 praefati
2211 1091 2533 1176 doctores,

399 1184 507 1269 qui
574 1183 695 1246 fuit
758 1205 961 1247 annus
1024 1184 1165 1269 plus
1235 1186 1446 1248 minus
1495 1181 1624 1247 CL.
1677 1184 1992 1248 aduentus
2037 1182 2400 1267 Anglorum
2462 1185 2534 1248 iu

398 1271 805 1336 Brittaniam.

572 1359 762 1424 Anno
793 1357 973 1423 DCI.
1021 1361 1197 1423 misit
1242 1383 1414 1447 papa
1436 1358 1796 1446 Gregorius
1842 1362 2104 1448 pallium
2138 1360 2534 1425 Brittaniam

400 1449 761 1532 Augustino
807 1450 937 1513 iam
983 1448 1155 1512 facto
1203 1451 1503 1537 episcopo
1552 1464 1617 1515 et
1664 1452 1880 1537 plures
1927 1450 2109 1515 uerbi
2175 1450 2532 1532 ministros,

398 1540 461 1601 in
509 1538 739 1622 quibus
787 1547 853 1602 et
899 1537 1255 1602 Paulinum.

576 1628 766 1691 Anno
790 1623 1041 1693 DCIII.
1090 1637 1453 1714 pugnatum
1499 1628 1581 1693 ad
1628 1628 2098 1712 Degsastanae.

574 1714 765 1780 Anno
795 1714 1085 1780 DCIIII.
1136 1713 1502 1781 Orientales
1550 1715 1840 1782 Saxones
1884 1715 2077 1781 fidem
2102 1714 2342 1781 Christi
2388 1738 2529 1802 per·

399 1806 642 1890 cipiunt
688 1805 806 1869 sub
852 1826 1010 1889 rege
1056 1803 1371 1870 Sabercto
1417 1807 1704 1870 antistite
1751 1804 2017 1870 Mellit0.

575 1892 765 1957 Anno
812 1891 1016 1957 DCV.
1089 1891 1451 1979 Gregorius
1497 1896 1675 1959 obiit.

574 1980 764 2046 Anno
818 1979 1130 2047 DCXVI.
1206 1982 1583 2048 Aedilberct
1659 2006 1774 2047 rex
1851 1981 2347 2047 Cantuariorum
2421 1980 2529 2045 de·

398 2069 651 2133 functus
698 2079 811 2134 est.
1998 2082 2003 2086 '

574 2158 761 2224 Anno
794 2156 1143 2225 DCXXV.
1189 2160 1497 2225 Paulinus
1543 2159 1782 2226 aIusto
1829 2159 2313 2247 archiepiscopo
2362 2157 2530 2223 ordi—

397 2259 589 2313 natur
636 2251 813 2334 genti
859 2249 1549 2334 Nordanhymbrorum
1594 2253 1878 2314 antistes.

572 2336 761 2402 Anno
793 2335 1177 2405 DCXXVI.
1233 2338 1504 2404 Eanfled
1534 2339 1669 2403 filia
1699 2337 1984 2404 Aeduini
2001 2339 2176 2423 regis
2199 2337 2537 2422 baptizata

399 2449 544 2491 cum
592 2425 734 2490 XII
780 2429 845 2490 in
893 2428 1159 2491 sabbato
1205 2437 1628 2514 pentecostes.

574 2515 763 2579 Anno
811 2514 1230 2581 DCXXVII.
1304 2517 1542 2581 Eduini
1610 2539 1727 2581 rex
1788 2517 2156 2604 baptizatus
2221 2537 2369 2580 cum
2419 2535 2536 2578 sua

399 2615 594 2688 gente
638 2606 703 2667 in
750 2603 1006 2690 pascha.

572 2693 765 2757 Anno
811 2692 1273 2758 DCXXXIII.
1367 2694 1619 2759 Eduine
1673 2715 1832 2778 rege
1887 2703 2176 2780 peremto
2224 2690 2534 2756 Paulinus

400 2777 694 2845 Cantiam
739 2781 949 2847 rediit.

577 2869 766 2934 Anno
814 2869 1085 2936 DCXL.
1171 2869 1467 2935 Eadbald
1511 2894 1630 2936 rex
1675 2870 2168 2936 Cantuariorum
2216 2868 2394 2932 obiit.

574 2958 763 3023 Anno
809 2958 1151 3024 DCXLII.
1224 2958 1473 3026 Osuald
1516 2983 1634 3024 rex
1680 2961 1946 3024 occisum

574 3047 764 3113 Anno
812 3046 1226 3113 DCXLHII.
1295 3049 1637 3131 Paulinus,
1686 3048 2010 3134 quondam
2055 3045 2370 3129 Eboraci,
2419 3045 2535 3109 sed

397 3145 551 3202 tunc
597 3136 939 3202 Hrofensis
986 3140 1256 3202 antistes
1304 3138 1602 3220 ciuitatis,
1648 3139 1958 3222 migrauit
2001 3133 2087 3200 ad
2132 3133 2483 3198 dominum.

572 3226 763 3291 Anno
802 3225 1033 3291 DCLI.
1085 3224 1315 3292 Osuini
1359 3249 1478 3290 rex
1524 3227 1769 3291 occisus
1817 3236 1883 3290 et
1927 3222 2142 3289 Aidan
2188 3225 2532 3309 episcopus

397 3313 733 3380 defunctus
781 3326 897 3379 est.

572 3402 761 3468 Anno
808 3402 1115 3467 DCLIII.
1165 3401 1574 3488 Middilangli
1618 3404 1736 3468 sub
1782 3403 2072 3488 principe
2118 3398 2336 3465 Peada
2379 3398 2535 3464 fidei

398 3495 723 3579 mysteriis
771 3503 918 3557 sunt
962 3493 1188 3556 inbuti.

574 3581 765 3646 Anno
797 3579 1061 3646 DOLV.
1116 3579 1337 3645 Penda
1382 3581 1577 3666 periit
1607 3589 1673 3645 et
1701 3578 1932 3644 Mercii
1977 3587 2124 3642 sunt
2155 3578 2312 3642 facti
2345 3573 2533 3641 Chri·

400 3670 612 3733 stiani.

574 3756 763 3822 Anno
808 3757 1222 3824 DCLXIIII.
1294 3758 1574 3846 eclypsis
1635 3757 1836 3841 facta3
1908 3755 2354 3820 Earconberct
2415 3775 2537 3818 rex

404 3841 896 3910 Cantuariorum
956 3845 1292 3912 defunctus
1341 3858 1406 3912 et
1453 3847 1721 3913 Colman
1779 3868 1924 3910 cum
1972 3841 2208 3910 Scottis
2255 3840 2337 3907 ad
2383 3864 2537 3906 suos
