2723 4326
186 147 321 200 1111.
359 147 520 202 4—5.
2209 150 2337 214 173

189 333 389 390 erant
451 322 880 409 colligendae,
944 324 1168 389 relicto
1226 325 1617 389 monasterio
1672 347 1789 412 per
1834 334 1989 389 nota
2032 324 2156 390 sibi
2200 325 2341 392 loca

189 413 482 500 dispersi
539 422 962 498 uagarentur,
1025 421 1092 480 at
1136 435 1292 478 uero
1341 413 1554 478 hieme
1614 411 1997 478 succedente
2055 412 2341 479 redirent

195 513 270 568 et
313 503 436 588 his,
487 524 652 588 quae
698 502 898 588 Angli
945 511 1507 589 praeparauerant,
1571 505 1993 567 communiter
2040 505 2133 566 uti
2178 502 2341 568 desi-

187 592 537 658 derarent:
587 594 905 679 quaesiuit
951 589 1296 656 Colmanus
1343 592 1495 657 huic
1542 591 1919 657 dissensioni
1963 591 2338 678 remedium,

193 689 270 746 et
317 683 634 746 circuiens
680 683 893 747 omnia
936 703 1138 769 prope
1184 680 1291 745 uel
1335 681 1528 765 longe
1572 683 1819 746 inuenit
1863 682 2074 745 locum
2112 683 2181 746 in
2217 681 2335 745 Hi-

197 771 434 835 bernia
479 770 688 834 insula
734 779 957 858 aptum
1005 772 1395 835 monasterio
1443 769 1897 849 construend0‚
1965 772 2076 856 qui
2118 771 2341 856 lingua

198 856 576 924 Scottorum
621 858 859 946 Mageo
917 861 1310 942 nominatur3
1375 861 1659 946 emitque
1715 867 1969 946 partem
2015 861 2152 924 eius
2211 881 2341 924 non

199 949 523 1032 grandem
568 946 650 1012 ad
697 946 1196 1014 construendum
1241 947 1333 1012 ibi
1377 951 1838 1014 monasterium
1887 972 1925 1013 a
1956 951 2210 1033 comite,
2257 945 2343 1012 ad

193 1040 385 1104 cuius
432 1039 902 1124 possessionem
947 1037 1344 1126 pertinebat:
1409 1061 1485 1103 ea
1545 1038 1916 1103 condicione
1962 1036 2207 1122 addita,
2269 1045 2342 1102 ut

200 1150 322 1213 pro
370 1129 512 1214 ipso
560 1129 789 1211 etiam,
839 1129 950 1212 (1111
997 1129 1090 1192 eis
1135 1127 1348 1191 locum
1386 1126 1846 1211 commodaret,
1918 1129 2341 1191 consistentes

201 1218 294 1281 ibi
341 1215 643 1288 monachi
687 1215 942 1281 domino
998 1239 1225 1303 preces
1280 1215 1603 1282 offerrent.
1669 1215 1755 1281 Et
1802 1223 2168 1281 constructo
2216 1223 2341 1279 sta-

199 1308 323 1371 tim
371 1307 782 1388 monasterio,
830 1307 1095 1371 iuuante
1143 1307 1340 1371 etiam
1387 1308 1619 1371 comite
1642 1328 1719 1370 ac
1748 1306 1978 1370 uicinis
2025 1304 2338 1388 omnibus,

202 1394 458 1481 Anglos
504 1393 746 1459 ibidem
791 1395 1052 1479 locauit,
1100 1395 1344 1459 relictis
1390 1398 1456 1460 in
1502 1395 1798 1481 praefata
1841 1393 2048 1459 insula
2084 1391 2339 1462 Scottis.

205 1483 399 1562 Quod
430 1484 732 1548 uidelicet
762 1484 1221 1548 monasterium
1251 1506 1457 1569 usque
1487 1482 1676 1549 hodie
1706 1485 1791 1550 ab
1822 1482 2054 1568 Anglis
2086 1491 2343 1548 tenetur

203 1574 451 1638 incoliS.
513 1572 738 1658 Ipsum
783 1594 1064 1658 namque
1107 1581 1223 1656 est,
1273 1574 1444 1658 quod
1488 1594 1656 1636 nunc
1703 1570 1946 1657 grande
1978 1573 2059 1636 de
2090 1571 2341 1636 modico

207 1662 513 1728 effectum
543 1660 806 1746 Muigeo
840 1669 1144 1726 consuete
1174 1671 1462 1745 uocatur,
1519 1669 1583 1726 et
1612 1663 1936 1726 conuersis
1966 1659 2340 1724 iamdudum

205 1751 290 1816 ad
335 1751 604 1815 meliora
648 1752 944 1815 instituta
991 1750 1304 1834 omnibus,
1353 1752 1692 1834 egregium
1738 1770 2009 1813 examen
2058 1750 2343 1813 continet

207 1839 688 1923 monachorum,
738 1841 849 1925 qui
886 1838 966 1904 de
1015 1840 1346 1925 prouincia
1392 1838 1759 1924 Anglorum
1802 1837 2045 1902 ibidem
2090 1837 2343 1903 collecti

208 1928 293 1994 ad
341 1928 711 2015 exemplum
757 1927 1222 1994 uenerabilium
1269 1937 1528 2014 patrum
1575 1929 1693 1992 sub
1738 1928 1966 2012 regula
2002 1936 2067 1992 et
2108 1927 2343 1992 abbate

210 2019 516 2083 canonico
562 2019 628 2082 in
674 2038 912 2101 magna
982 2019 1375 2082 continentia
1422 2027 1487 2082 et
1532 2018 1899 2081 sinceritate
1942 2017 2205 2103 proprio
2250 2017 2339 2081 la·

208 2108 364 2174 bore
411 2129 718 2172 manuum
763 2109 1010 2173 uiuunt.

1239 2394 1326 2456 5.-

205 2570 296 2624 lle
333 2568 538 2623 morte
578 2566 769 2623 osuiu
808 2567 873 2621 et
909 2567 1244 2635 Ecgbercti
1283 2581 1533 2636 regum,
1574 2568 1641 2623 et
1679 2566 1753 2622 de
1792 2568 2020 2635 synodo
2058 2565 2228 2621 facta
2264 2565 2341 2621 ad

384 2657 590 2712 locum
627 2655 1034 2724 Herutforda,
1083 2656 1183 2711 cui
1221 2657 1622 2725 praesidebat
1658 2656 2163 2725 archiepiscopus

1083 2747 1464 2802 Theodorus.

389 2907 579 2972 Anno
645 2905 1002 2973 dominicae
1069 2908 1524 2974 incarnationis
1593 2905 1998 2993 DOLXXm,
2069 2908 2181 2993 qui
2248 2915 2346 2971 est

211 3018 412 3061 annus
482 2996 831 3081 secundus,
911 3018 993 3061 ex
1058 3018 1182 3083 quo
1251 2995 1637 3062 Brittaniam
1702 2999 1879 3063 uenit
1944 2995 2341 3079 Theodorus,

207 3084 420 3151 Osuiu
449 3109 568 3150 rex
597 3085 1291 3171 Nordanhymbrorum
1335 3108 1595 3172 pressus
1634 3096 1732 3151 est
1776 3086 2169 3167 infirmitate,
2219 3105 2345 3170 qua

212 3185 280 3239 et
322 3176 614 3239 mortuus
663 3184 760 3239 est
805 3197 970 3240 anno
1019 3176 1250 3239 aetatis
1295 3198 1450 3240 suae
1495 3173 1746 3241 LVIII.
1811 3172 1939 3252 Qui
1980 3170 2047 3237 in
2092 3181 2345 3237 tantum

219 3286 292 3329 co
338 3273 629 3350 tempore
675 3265 1020 3331 tenebatur
1065 3286 1286 3328 amore
1331 3264 1663 3330 Romanae
1711 3272 1774 3327 et
1818 3262 2206 3349 apostolicae
2251 3263 2343 3325 in-

217 3354 584 3436 stitutioniS,
631 3362 724 3438 ut,
773 3355 826 3418 si
873 3354 954 3418 ab
1000 3351 1374 3418 infirmitate
1420 3353 1797 3430 saluaretur,
1844 3353 2040 3417 etiam
2072 3350 2346 3415 Romam

216 3444 437 3507 uenire
481 3442 698 3529 ibique
729 3442 812 3507 ad
841 3443 983 3508 loca
1026 3451 1249 3507 sancta
1294 3443 1495 3506 uitam
1542 3440 1727 3507 finire
1772 3440 2157 3526 disponeret,
2204 3439 2342 3505 Vil-

218 3529 580 3618 fridumque
629 3533 997 3619 episcopum
1045 3529 1272 3596 ducem
1322 3531 1446 3595 sibi
1488 3532 1736 3597 itineris
1792 3531 1959 3613 fieri,
2028 3531 2347 3615 promissa

218 3642 343 3685 non
381 3642 586 3706 parua
629 3623 1048 3708 pecuniarum
1095 3618 1456 3704 donatione,
1503 3629 1786 3707 rogaret.
1851 3617 1978 3697 Qui
2010 3616 2345 3683 defunctus

219 3706 320 3774 die
366 3708 510 3774 XV.
564 3709 1006 3776 Kalendarum
1052 3708 1433 3775 Martiarum
1480 3708 1862 3794 Ecgfridum
1914 3705 2112 3771 filium
2158 3709 2347 3793 regni

216 3796 519 3862 ‚heredem
564 3799 845 3886 reliquit:
897 3800 1074 3864 cuius
1121 3821 1288 3864 anno
1331 3800 1522 3884 regni
1564 3798 1697 3864 ΙΠο
1746 3795 2122 3865 Theodorus
2170 3798 2347 3882 cogit
