2723 4326
383 186 510 251 132
2154 185 2249 237 111.
2292 184 2419 238 18—
2432 187 2521 243 19.

381 364 667 448 cupiens,
722 363 997 426 instituit
1044 359 1343 444 scholam,
1394 362 1461 425 in
1508 382 1637 446 qua
1680 365 1864 448 pueri
1911 362 2141 426 litteris
2190 362 2518 427 erudiren-

379 460 514 516 tur:
564 451 824 515 iuuante
873 472 941 515 se
987 452 1290 537 episcopo
1339 448 1577 534 Felice,
1628 472 1822 536 quem
1868 450 1949 515 de
1973 450 2208 515 Cantia
2251 474 2521 537 aecepe-

381 550 503 620 rat,
553 541 775 625 eisque
821 539 1193 625 pedagogos
1240 561 1317 603 ac
1363 540 1709 623 magistros
1755 542 1935 605 iuxta
1982 562 2230 605 morem
2279 539 2521 605 Cantu-

383 630 667 695 ariorum
715 629 1090 715 praebente.

562 717 977 802 Tantumque
1007 738 1126 781 rex
1154 715 1264 782 ille
1294 718 1589 781 caelestis
1636 718 1823 801 regni
1869 726 2119 781 amator
2158 716 2367 782 factus
2398 727 2519 802 est,

383 817 454 872 ut
501 804 584 869 ad
628 806 931 871 ultimum
976 806 1216 871 relictis
1258 807 1447 891 regni
1491 808 1768 890 negotiis
1818 816 1884 871 et
1930 815 2208 891 cognato
2251 828 2365 870 suo
2397 806 2524 871 Ec-

384 897 563 981 grice
626 894 1118 977 commendatis,
1182 897 1290 980 qui
1338 903 1402 959 et
1449 904 1637 959 antea
1681 905 1938 980 partem
1984 894 2271 960 eiusdem
2330 898 2525 979 regni

385 985 678 1067 tenebat,
739 985 1006 1049 intrauit
1052 985 1540 1066 monasterium,
1605 981 1776 1069 quod
1823 984 1946 1048 sibi
1991 984 2263 1067 fecerat,
2326 993 2525 1070 atque

385 1085 654 1160 accepta
683 1083 950 1138 tonsura
978 1096 1096 1159 pro
1127 1082 1391 1139 aeterno
1425 1073 1631 1155 magis
1662 1094 1865 1158 regno
1914 1073 2192 1138 militare
2240 1082 2517 1138 curaret.

387 1162 576 1241 Quod
621 1163 774 1228 dum
818 1162 1019 1227 multo
1064 1171 1355 1249 tempore
1400 1162 1673 1245 faceret,
1721 1164 1995 1247 contigit
2041 1171 2307 1247 gentem
2351 1160 2527 1227 Mer·

386 1254 634 1317 ciorum
699 1250 858 1315 duce
921 1273 1078 1336 rege
1121 1249 1343 1316 Penda
1402 1249 1707 1315 aduersus
1743 1246 2109 1317 Orientales
2156 1249 2405 1336 Anglos
2456 1253 2529 1316 in

385 1342 624 1406 bellum
673 1338 1054 1426 procedere,
1104 1342 1242 1425 qui,
1293 1339 1448 1405 dum
1493 1363 1561 1404 se
1607 1340 1945 1406 inferiores
1991 1343 2059 1405 in
2104 1340 2276 1405 bello
2321 1340 2524 1403 hosti-

386 1432 508 1495 bus
568 1431 1042 1517 conspicerent,
1107 1438 1503 1515 rogauerunt
1549 1427 1967 1513 Sigberctum
2016 1427 2099 1492 ad
2145 1429 2531 1493 confirman-

389 1518 539 1583 dum
587 1519 858 1584 militem
905 1541 1123 1583 seeum
1169 1519 1391 1584 uenire
1434 1520 1502 1583 in
1547 1519 1879 1603 praelium.
1972 1518 2096 1583 Illo
2142 1518 2401 1583 nolente
2448 1541 2531 1582 ac

387 1606 895 1691 contradicente,
959 1609 1230 1672 inuitum
1292 1608 1681 1673 monasterio
1741 1616 2041 1673 eruentes
2088 1607 2410 1672 duxerunt
2459 1609 2531 1671 in

389 1707 715 1763 certamen
735 1747 753 1779 ,
833 1707 1164 1783 sperantes
1235 1700 1444 1761 minus
1513 1698 1761 1761 animos
1830 1698 2107 1761 militum
2176 1696 2531 1782 trepidare,

388 1788 598 1852 minus
657 1795 997 1873 praesente
1057 1783 1219 1851 duce
1280 1783 1602 1872 quondam
1662 1787 2103 1851 strenuissimo
2164 1795 2227 1850 et
2288 1786 2529 1849 eximio

389 1898 579 1963 posse
641 1875 864 1961 fugam
924 1875 1244 1941 meditari.
1338 1873 1470 1941 Sed
1529 1876 1668 1961 ipse
1726 1876 2138 1961 professionis
2198 1896 2351 1940 suae
2397 1896 2537 1938 non

280 1993 290 2002 ·
391 1968 732 2045 inmemor,
799 1964 953 2029 dum
1012 1966 1254 2051 optimo
1313 1972 1483 2029 esset
1542 1963 1817 2037 uallatus
1882 1965 2201 2045 exercitu,
2273 1964 2537 2027 nonnisi

392 2055 648 2137 uirgam
705 2063 959 2119 tantum
1017 2053 1255 2118 habere
1309 2056 1375 2119 in
1434 2073 1629 2117 manu
1693 2052 1921 2135 uoluit3
1996 2054 2369 2138 occisusque
2432 2062 2537 2117 est

392 2165 522 2208 una
566 2165 714 2208 cum
758 2165 918 2228 rege
963 2141 1271 2228 Ecgrice,
1335 2152 1429 2208 et·
1462 2152 1725 2208 cunctus
1773 2163 2024 2226 eorum,
2085 2141 2534 2208 insistentibus

393 2234 684 2320 paganis,
735 2254 960 2299 caesus
1007 2232 1143 2297 siu'e
1189 2230 1513 2318 dispersus
1562 2233 1901 2297 exercitus.

572 2319 920 2387 Successor
966 2333 1184 2386 autem
1228 2323 1417 2406 regni
1462 2343 1686 2387 eorum
1732 2321 1940 2386 factus
1989 2330 2087 2386 est
2125 2319 2316 2384 Anna
2360 2320 2541 2384 filius

393 2411 522 2475 Eni
569 2409 648 2475 de
678 2413 862 2496 regio
916 2432 1179 2495 genere,
1230 2412 1330 2475 uir
1377 2412 1659 2496 optimus
1704 2419 1899 2497 atque
1945 2411 2226 2496 optimae
2277 2410 2545 2494 genitor

396 2498 661 2582 sobolis,
710 2499 790 2564 de
838 2501 1069 2585 quibus
1115 2501 1182 2564 in
1228 2500 1643 2585 sequentibus
1688 2522 1804 2564 suo
1854 2508 2143 2586 tempore
2190 2495 2549 2562 dicendum

396 2600 522 2672 est3
571 2591 681 2674 qui
712 2599 776 2653 et
807 2592 946 2676 ipse
990 2598 1219 2675 postea
1248 2589 1331 2654 ab
1366 2587 1592 2654 eodem
1639 2611 1893 2674 pagano
1925 2589 2317 2654 Merciorum
2349 2586 2547 2670 duce,

397 2701 437 2742 a
484 2701 610 2764 quo
658 2689 722 2742 et
770 2677 1226 2765 praedecessor
1273 2680 1429 2762 eius,
1481 2679 1728 2742 occisus
1776 2687 1891 2746 est.

1417 2910 1520 2973 19.

398 3066 479 3122 vt
514 3067 784 3120 Furseus
823 3065 985 3134 apud
1021 3065 1377 3121 orientales
1415 3066 1649 3134 Anglos
1686 3065 2129 3121 monasterium
2168 3063 2430 3131 fecerit3
2478 3067 2549 3122 et

495 3154 568 3210 de
605 3153 960 3209 uisionibus
998 3154 1104 3209 uel
1141 3155 1481 3210 sanctitate
1520 3155 1690 3222 eius,
1736 3154 1839 3210 cui
1878 3154 2067 3209 etiam
2105 3167 2251 3209 earo
2290 3153 2439 3222 post

669 3244 930 3300 mortem
967 3243 1336 3314 incorrupta
1372 3243 1799 3300 testiinonium
1836 3242 2257 3313 perhibuerit.

578 3386 823 3453 Verum
884 3386 1037 3452 dum
1100 3388 1310 3453 adhuc
1368 3387 1673 3473 Sigberct
1732 3389 1917 3472 regni
1977 3387 2205 3451 infolas
2264 3395 2545 3472 teneret,

401 3480 773 3564 superuenit
843 3477 924 3542 de
986 3477 1306 3542 Hibernia
1374 3478 1473 3541 uir
1559 3486 1817 3541 sanctus
1903 3477 2162 3540 nomine
2230 3475 2549 3560 Furseus,

400 3567 601 3632 uerbo
649 3576 715 3632 et
759 3566 1009 3631 actibus
1042 3568 1270 3651 clarus,
1301 3564 1416 3631 sed
1450 3575 1516 3630 et
1546 3567 1828 3651 egregiis
1860 3566 2133 3651 insignis
2164 3564 2547 3648 uirtutibus,

403 3656 668 3738 cupiens
698 3678 816 3741 pro
847 3654 1124 3737 domino,
1172 3655 1561 3741 ubicumque
1594 3655 1717 3719 sibi
1763 3663 2148 3740 oportunum
2193 3654 2545 3739 inueniret,

402 3745 815 3828 peregrinam
862 3742 1095 3809 ducere
1141 3746 1363 3808 uitam.
1430 3743 1559 3822 Qui
1589 3764 1737 3808 cum
1766 3742 1847 3808 ad
1886 3743 2283 3829 prouinciam
2308 3739 2549 3808 Orien-

403 3830 628 3894 talium
673 3834 1072 3916 peruenisset
1117 3832 1509 3918 Anglorum,
1574 3842 1907 3919 susceptus
1957 3842 2055 3898 est
2099 3831 2455 3896 honorifice
2504 3856 2553 3896 a.
