2723 4326
146 208 251 261 111.·
283 208 511 263 27-28,
2158 207 2284 273 157

149 386 336 451 cendi
395 395 461 450 et
522 385 905 449 auctoritate
964 382 1353 471 corripiendi
1410 393 1476 449 et
1529 386 1772 472 pietate
1830 384 2150 472 largiendi
2205 386 2288 452 de

148 475 265 559 his,
316 496 482 561 quae
526 496 567 539 a
612 472 920 538 diuitibus
968 483 1327 560 acceperat,
1375 474 1653 538 multum
1698 474 1959 561 profuit.
2017 473 2288 540 Addidit

146 573 364 629 autem
410 566 597 647 uotis,
644 585 811 649 quae
857 561 1155 647 diximus,
1204 571 1277 627 ut
1322 585 1579 650 semper
1624 564 1692 627 in
1737 562 1928 627 XLm·
1965 584 2095 629 non
2138 565 2284 652 plus

144 676 344 741 quam
400 653 601 717 semel
645 654 712 717 in
757 649 862 716 die
908 652 1232 736 reficeret,
1292 674 1420 716 non
1466 650 1641 716 aliud
1689 674 1882 738 quam
1928 675 2162 740 panem
2209 676 2286 718 ac

146 744 248 807 lac
307 743 784 825 tenuissimum,
849 750 915 805 et
973 741 1095 806 hoc
1157 763 1302 805 cum
1360 762 1662 805 mensura
1721 752 2042 827 gustaret.
2116 741 2289 829 quod

144 829 447 896 uidelicet
491 832 594 896 lac
625 792 833 917 pridie
877 852 1121 895 nouum
1150 832 1219 896 in
1248 828 1401 895 fiala
1444 852 1684 917 ponere
1730 830 1996 919 solebat,
2047 839 2112 896 et
2141 841 2288 919 post

139 929 403 985 noctem
460 919 680 985 ablata
738 918 1078 1006 superficie
1140 920 1482 1004 crassiore,
1621 942 1690 984 se
1751 882 2075 985 residuum
2137 943 2285 986 cum

140 1008 424 1095 modico,
487 1018 558 1074 ut
606 1008 909 1093 diximus,
972 1031 1139 1096 pane
1186 1009 1470 1074 bibebat.
1551 922 1762 1073 ἰἕιιίιιε
1822 1010 2082 1075 modum
2135 1032 2282 1075 con·

137 1101 459 1165 tinentiae
505 1100 701 1165 etiam
745 1096 874 1163 XL
922 1097 1149 1163 diebus
1208 1107 1361 1163 ante
1419 1098 1634 1163 natale
1680 1098 1951 1182 domini,
2015 1096 2287 1164 totidem

140 1210 401 1276 quoque
446 1196 593 1274 post
637 1196 901 1274 peracta
948 1188 1281 1254 sollemnia
1323 1196 1754 1274 pentecostes,
1810 1187 1934 1252 hoc
1981 1197 2079 1253 est
2124 1188 2283 1272 Lm,

137 1300 404 1365 semper
449 1278 791 1342 obseruare
838 1276 1125 1342 curabat.

1159 1652 1263 1715 28.

142 1826 225 1883 vt
261 1826 559 1881 defuncto
597 1826 797 1894 Tude,
841 1824 1079 1882 vnn-id
1119 1825 1187 1879 ln
1224 1823 1465 1893 Gallia,
1521 1824 1758 1881 Gesdda
1794 1826 1956 1894 apud
1993 1825 2286 1882 occiden-

136 1916 311 1971 tales
350 1914 646 1983 Saxones,
687 1915 753 1970 ln
789 1915 1125 1985 prouincia
1160 1914 1805 1983 Nordanhymbrorum
1843 1914 1972 1970 sint
2009 1915 2288 1971 ordinati

1067 2004 1368 2073 episcopi.

328 2166 592 2232 Interea
650 2191 769 2233 rex
824 2166 1125 2232 Alchfrid
1188 2169 1363 2232 misit
1421 2163 1774 2232 Vilfridum
1831 2165 2289 2253 presbyterum

150 2255 234 2321 ad
292 2278 519 2342 regem
566 2254 954 2341 Galliarum,
1024 2258 1137 2342 qui
1201 2278 1348 2321 eum
1415 2256 1540 2320 sibi
1605 2257 1864 2341 suisque
1928 2258 2292 2321 consecrari

150 2347 399 2410 faceret
467 2347 857 2434 episcopum.
954 2344 1044 2410 At
1103 2346 1210 2411 ille
1273 2346 1451 2410 misit
1516 2367 1662 2410 eum
1731 2343 2152 2410 ordinandum
2207 2345 2292 2410 ad

145 2434 674 2520 Agilberectum,
735 2434 816 2500 de
862 2457 990 2521 quo
1035 2457 1230 2522 supra
1277 2435 1584 2520 diximus,
1648 2436 1786 2520 qui,
1846 2434 2072 2500 relicta
2114 2434 2286 2500 Brit-

150 2526 358 2606 tama,
415 2523 782 2590 Pal-isiacae
828 2526 1109 2589 ciuitatis
1154 2524 1361 2590 factus
1412 2532 1552 2589 erat
1599 2525 1963 2610 episcopus;
2026 2534 2091 2588 et
2144 2546 2292 2589 con-

154 2623 443 2679 secratus
489 2623 589 2678 est
634 2635 873 2698 magno
920 2636 1066 2677 cum
1111 2613 1353 2679 honore
1399 2613 1481 2678 ab
1529 2615 1696 2701 ipso,
1769 2613 2289 2678 conuenientibus

150 2702 446 2790 plurimis
510 2704 725 2790 episco
774 2726 828 2767 1s
887 2703 957 2767 in
1014 2704 1158 2767 uico
1219 2705 1431 2806 regio,
1503 2703 1614 2789 qui
1675 2712 1946 2768 uocatur
2001 2700 2083 2767 In
2129 2701 2294 2767 Con-

153 2790 411 2878 pendi0.
492 2789 638 2869 Quo
683 2705 957 2857 agliae
939 2794 1006 2856 in
1049 2793 1498 2856 transmarinis
1545 2792 1836 2878 partibus
1881 2802 2148 2880 propter
2197 2814 2291 2856 or-

156 2879 547 2946 dinationem
592 2880 988 2985 demorante,
1036 2881 1323 2945 imitatus
1358 2879 1742 2945 industriam
1787 2879 1904 2946 filii
1945 2903 2063 2946 rex
2096 2879 2298 2948 Osuio

154 2972 332 3035 misit
379 2968 679 3036 Cantiam
726 2971 935 3035 uirum
984 2979 1307 3054 sanctum,
1365 2970 1729 3034 modestum
1773 2971 2088 3054 moribus,
2147 2972 2298 3035 scri·

156 3069 493 3164 pturarum
539 3061 815 3125 lectione
862 3057 1256 3123 sufficienter
1300 3061 1688 3124 instructum
1734 3069 1802 3123 et
1850 3081 1946 3143 ea,
2019 3081 2183 3145 quae
2229 3062 2297 3122 in

157 3151 491 3236 scripturis
522 3149 774 3233 agenda
806 3147 1118 3213 didicerat
1119 3148 1456 3234 ,operibus
1490 3147 1783 3212 sollerter
1816 3157 2292 3233 exsequentem,

150 3239 268 3323 qui
338 3238 769 3304 Eburacensis
835 3238 1145 3303 ecclesiae
1212 3237 1619 3302 ordinaretur
1685 3238 2042 3325 episcopus.
2137 3235 2298 3300 Erat

158 3337 373 3391 autem
422 3328 762 3414 presbyter
807 3326 1120 3392 uocabulo
1168 3324 1461 3410 Ceadda,
1532 3326 1736 3390 frater
1793 3326 2298 3390 reuerentissimi

152 3418 465 3480 antistitis
498 3414 723 3499 Ceddi,
772 3418 951 3481 cuius
982 3418 1238 3503 saepius
1270 3417 1704 3496 meminimus,
1754 3424 1820 3479 et
1851 3414 2050 3479 abbas
2081 3435 2298 3478 mona·

162 3507 340 3570 sterii
384 3505 574 3590 illius,
623 3504 792 3593 quod
840 3515 1110 3570 uocatur
1153 3504 1610 3588 Laestingaeu.
1673 3502 1982 3590 Misitque
2027 3525 2174 3568 cum
2223 3525 2297 3567 eo

165 3617 279 3659 rex
325 3595 777 3682 presbyterum
826 3617 1008 3659 suum
1060 3594 1372 3659 uocabulo
1417 3591 1868 3676 Eadhaedum,
1917 3593 2027 3679 qui
2072 3600 2300 3680 postea

168 3695 481 3770 regnante
538 3684 853 3771 Ecgfrido
925 3684 1291 3770 Hrypensis
1366 3683 1680 3748 ecclesiae
1753 3682 2009 3768 praesul
2091 3682 2300 3747 factus

174 3784 284 3840 est.
378 3773 624 3838 Verum
672 3774 763 3838 illi
810 3773 1111 3840 Cantiam
1166 3774 1618 3860 peruenientes
1673 3773 2056 3838 inuenerunt
2101 3771 2302 3836 archi·

168 3863 542 3949 episcopum
575 3862 933 3928 Deusdedit
963 3865 1093 3928 iam
1125 3864 1443 3948 migrasse
1489 3860 1570 3927 de
1617 3863 1869 3928 saeculo
1918 3871 1982 3927 et
2027 3861 2301 3927 necdum
