2723 4326
391 191 480 259 98
2325 190 2398 243 11.
2442 192 2532 246 18.

395 369 526 433 suis
573 367 832 432 famulis
878 366 1184 453 dignatur
1229 368 1546 432 bonorum
1593 388 1861 432 munera
1907 388 2326 454 praerogare,
2374 366 2539 433 illud

394 459 588 523 etiam
635 458 987 523 clementer
1032 456 1267 522 collata
1297 478 1451 521 suae
1494 456 1753 543 pietatis
1799 454 2238 522 munificentia
2280 457 2534 543 tribuit,

394 549 640 633 quoties
687 568 804 633 per
848 546 1168 611 fraternos
1216 546 1448 611 affatus
1493 546 1887 610 unianimam
1932 544 2339 612 dilectionem
2372 568 2534 632 qua-

390 634 541 700 dam
587 636 1126 723 contemplatione
1156 634 1423 700 alternis
1462 634 1829 721 aspectibus
1875 644 2337 722 repraesentat.
2400 636 2537 700 Pro

393 725 626 811 quibus
656 726 983 790 maiestati
1016 726 1151 789 eius
1181 726 1428 809 gratias
1458 721 1893 790 indesinenter
1930 726 2320 790 exsoluimus
2352 747 2531 789 eum·

393 836 517 900 que
563 816 730 878 uotis
777 814 1173 901 supplicibus
1218 835 1589 896 exoramus,
1656 821 1728 877 ut
1782 821 2066 879 uestram
2122 812 2536 879 dilectionem

389 905 456 967 in
515 902 992 989 praedicatione
1055 903 1379 987 euangelii
1434 901 1836 967 laborantem
1884 910 1950 968 et
2009 900 2532 986 fructificantem,

390 1000 872 1078 sectantemque
932 992 1231 1077 magistri
1277 1000 1342 1056 et
1388 993 1616 1077 capitis
1664 992 1761 1055 sui
1820 993 2028 1057 sancti
2074 988 2381 1076 Gregorii
2426 1014 2531 1057 re-

389 1080 636 1165 gulam,
702 1082 958 1167 perpeti
1023 1079 1376 1145 stabilitate
1442 1078 1779 1145 confirmet
1838 1088 1903 1145 et
1958 1078 2043 1145 ad
2110 1090 2531 1166 augmentum

392 1171 703 1235 ecclesiae
764 1192 919 1236 suae
979 1170 1235 1256 potiora
1293 1191 1413 1258 per
1471 1192 1586 1234 uos
1647 1170 1914 1235 suscitet
1969 1171 2391 1253 incrementa3
2458 1180 2535 1235 ut

387 1256 514 1323 fide
558 1268 624 1323 et
671 1281 885 1345 opere,
933 1260 1000 1323 in
1047 1260 1280 1323 timore
1326 1259 1431 1324 dei
1478 1268 1544 1323 et
1589 1260 1875 1343 caritate,
1925 1268 2143 1324 uestra
2185 1258 2533 1345 adquisitio

394 1347 932 1434 decessorumque
977 1356 1356 1431 uestrorum,
1408 1369 1574 1434 quae
1617 1368 1734 1435 per
1782 1346 2022 1412 domini
2069 1346 2374 1432 Gregorii
2420 1370 2533 1411 ex-

389 1434 570 1500 ordia
606 1434 898 1523 pullulat,
947 1435 1451 1501 conualescendo
1499 1436 1771 1523 amplius
1820 1435 2232 1521 extendatur3
2283 1446 2354 1501 ut
2384 1437 2539 1523 ipsa

387 1547 503 1590 uos
552 1524 854 1590 dominici
902 1525 1138 1611 eloquii
1173 1527 1493 1613 promissa
1522 1526 1588 1589 in
1621 1526 1834 1590 futuro
1866 1526 2234 1611 respiciant,
2282 1548 2535 1613 uosque

387 1636 514 1679 uox
535 1616 659 1679 ista
678 1613 760 1679 ad
781 1624 1114 1679 aeternam
1137 1614 1563 1679 festiuitatem
1586 1622 1813 1679 euocet
1840 1612 1959 1696 (eu.
1988 1614 2213 1679 Matth.
2245 1616 2349 1698 11,
2377 1612 2531 1701 28):

393 1702 668 1790 „Venite
714 1702 796 1767 ad
844 1727 945 1768 me
993 1726 1242 1789 omnes,
1293 1705 1403 1790 qui
1448 1703 1753 1768 laboratis
1800 1713 1865 1768 et
1911 1706 2161 1769 onerati
2207 1706 2389 1781 estis,
2464 1714 2535 1769 et

387 1813 510 1876 ego
557 1792 844 1858 reficiam
889 1790 1066 1858 uos.“
1125 1793 1215 1857 Et
1259 1794 1494 1857 iterum
1522 1789 1643 1877 (eu.
1678 1791 1902 1858 Matth.
1939 1795 2044 1877 25,
2080 1790 2222 1879 21):
2275 1793 2530 1880 „Euge,

387 1903 574 1946 serue
619 1882 787 1947 bone
821 1889 885 1947 et
916 1880 1153 1965 fidelis3
1202 1883 1353 1968 quia
1384 1903 1579 1968 super
1610 1903 1817 1967 pauca
1849 1881 2028 1946 fuisti
2058 1880 2281 1963 fidelis,
2331 1903 2535 1968 super

385 1969 591 2034 multa
637 1979 701 2035 te
749 1974 1165 2036 constituam:
1233 1973 1407 2035 intra
1451 1972 1520 2035 in
1565 1970 1874 2056 gaudium
1921 1969 2164 2036 domini
2206 1967 2363 2035 tui.“
2436 1970 2532 2036 Et

384 2080 500 2124 nos
547 2058 876 2146 equidem,
938 2061 1173 2125 fratres
1230 2060 1572 2143 carissimi,
1634 2058 1796 2125 haec
1851 2059 2034 2125 uobis
2089 2081 2207 2148 pro
2264 2068 2535 2125 aeterna

392 2149 662 2214 caritate
722 2149 1182 2215 exhortationis
1240 2149 1442 2214 uerba
1508 2150 2027 2236 praemittentes,
2096 2172 2261 2236 quae
2306 2172 2533 2214 rursus

391 2261 508 2324 pro
571 2238 989 2304 ecclesiarum
1051 2247 1415 2303 uestrarum
1482 2239 1844 2324 priuilegiis
1913 2261 2273 2324 congruere
2337 2261 2534 2325 posse

391 2329 834 2414 conspicimus,
882 2350 1011 2393 non
1058 2326 1426 2393 desistimus
1470 2329 1824 2413 impertire.

563 2417 652 2481 Et
709 2426 844 2482 tam
901 2418 1082 2482 iuxta
1154 2425 1440 2481 uestram
1517 2418 1896 2503 petitionem
1974 2438 2168 2502 quam
2247 2413 2535 2481 filiorum

384 2514 750 2570 nostrorum
808 2528 1038 2591 regum
1097 2506 1281 2571 uobis
1341 2528 1463 2592 per
1522 2514 1933 2592 praesentem
1991 2514 2281 2570 nostram
2338 2527 2529 2590 prae-

388 2597 771 2682 ceptionem,
819 2597 964 2660 uice
1010 2595 1184 2660 beati
1228 2594 1407 2658 Petri
1451 2594 1885 2679 apostolorum
1931 2595 2262 2682 principis,
2310 2603 2533 2659 aucto—

386 2686 650 2749 ritatem
705 2683 1078 2767 tribuimus,
1139 2692 1212 2748 ut
1266 2682 1519 2769 quando
1578 2706 1774 2748 unum
1822 2705 1904 2748 ex
1948 2684 2134 2748 uobis
2180 2683 2397 2748 diuina
2443 2685 2536 2748 ad

388 2795 456 2836 se
500 2773 760 2838 iusserit
805 2775 1019 2857 gratia
1063 2775 1302 2857 uocari,
1349 2774 1425 2854 is,
1476 2773 1586 2858 qui
1618 2781 1948 2860 superstes
1985 2773 2201 2855 fuerit,
2248 2772 2529 2836 alterum

384 2862 451 2924 in
507 2861 647 2925 loco
708 2859 997 2926 defuncti
1058 2859 1292 2927 debeat
1352 2862 1727 2948 episcopum
1797 2859 2112 2926 ordinare.
2207 2861 2335 2926 Pro
2396 2883 2533 2947 qua

386 2950 583 3014 etiam
627 2972 701 3014 re
748 2951 999 3035 singula
1043 2960 1300 3015 uestrae
1357 2950 1683 3015 dilectioni
1737 2950 1932 3036 pallia
1977 2973 2095 3036 pro
2144 2949 2377 3016 eadem
2426 2973 2533 3014 or-

384 3038 709 3104 dinatione
764 3039 1150 3106 celebranda
1210 3038 1589 3123 direximus,
1650 3049 1724 3104 ut
1770 3062 1885 3125 per
1949 3049 2207 3104 nostrae
2265 3061 2535 3126 praece-

385 3130 624 3215 ptionis
694 3131 1146 3195 auctoritatem
1197 3130 1459 3216 possitis
1512 3128 1633 3193 deo
1682 3128 1987 3217 placitam
2056 3129 2529 3193 ordinationem

380 3215 665 3302 efficere3
711 3219 880 3304 quia,
913 3229 986 3283 ut
1017 3217 1176 3283 haec
1205 3218 1391 3282 uobis
1424 3216 1939 3300 concederemus,
1971 3218 2167 3303 longa
2198 3227 2528 3282 terrarum

381 3309 705 3394 marisque
751 3307 1120 3392 interualla,
1169 3329 1333 3393 quae
1379 3309 1550 3371 inter
1594 3329 1711 3371 nos
1758 3329 1834 3370 ac
1880 3328 1996 3371 uos
2044 3307 2388 3390 obsistunt,
2441 3305 2528 3370 ad

383 3395 543 3460 haec
589 3419 704 3460 nos
753 3395 1266 3463 condescendere
1313 3405 1688 3481 coegerunt,
1735 3405 1807 3459 ut
1853 3396 2028 3461 nulla
2074 3397 2276 3481 possit
2324 3395 2529 3460 eccle-

385 3485 623 3549 siarum
687 3494 1051 3550 uestrarum
1119 3486 1369 3550 iactura
1432 3507 1549 3571 per
1610 3485 1951 3550 cuiuslibet
2015 3485 2367 3548 occasionis
2414 3484 2529 3548 ob-

383 3581 636 3638 tentum
703 3596 956 3660 quoquo
1023 3573 1211 3639 modo
1281 3575 1651 3661 prouenire3
1732 3573 1845 3638 sed
1912 3575 2126 3661 potius
2194 3574 2528 3638 commissi

382 3660 568 3726 uobis
613 3663 835 3749 populi
880 3663 1286 3729 deuotionem
1332 3663 1584 3749 plenius
1628 3684 2011 3750 propagare.
2090 3662 2272 3727 Deus
2316 3671 2383 3728 te
2429 3664 2528 3727 in-

385 3750 700 3815 columem
747 3752 1080 3836 custodiat,
1130 3752 1541 3817 dilectissime
1587 3752 1807 3817 frater.

559 3838 737 3903 Data
792 3839 896 3905 die
949 3843 1136 3906 tertio
1183 3839 1418 3907 Iduum
1462 3840 1661 3925 Iunii,
1728 3839 2192 3928 imperantibus
2247 3839 2527 3906 dominis
