2723 4326
181 187 307 241 1111.
350 187 433 241 11.
2194 187 2319 252 183

186 366 252 429 in
297 385 504 448 regno
565 364 746 428 miles
811 365 994 448 regni
1061 363 1348 428 caelestis
1410 367 1759 450 exegisset,
1831 373 2166 451 correptus
2228 373 2325 429 est

187 455 474 539 corporis
520 451 892 518 infirmitate
936 454 1358 540 permaxima,
1407 473 1535 540 qua
1580 463 1643 518 et
1688 463 1975 518 mortuus
2010 463 2138 520 est:
2186 475 2318 518 am-

185 543 560 628 monuitque
606 543 966 627 coniugem,
1014 551 1086 605 ut
1117 543 1221 607 uel
1251 551 1406 607 tunc
1438 543 1653 607 diuino
1684 565 1754 607 se
1786 544 2046 606 seruitio
2077 544 2321 628 pariter

187 632 659 718 manciparent,
708 653 855 695 cum
902 630 1176 717 amplius
1223 633 1467 717 pariter
1512 631 1820 697 mundum
1868 631 2169 717 amplecti
2216 630 2322 695 uel

186 722 402 807 potius
448 719 686 784 mundo
731 722 975 785 seruire
1019 743 1147 784 non
1192 731 1473 806 possent.
1553 719 1742 800 Quod
1788 720 1940 785 dum
1986 741 2182 805 aegre
2227 722 2320 784 in·

185 818 473 897 petraret
519 809 600 873 ab
648 831 752 893 ea,
813 811 992 874 uenit
1051 808 1134 874 ad
1179 811 1537 875 antistitem
1580 809 1958 874 Lundoniae
2018 809 2318 893 ciuitatis,

183 897 502 963 uocabulo
549 896 882 980 Valdheri,
955 901 1066 984 qui
1110 897 1518 963 Erconualdo
1586 907 2009 982 successerat3
2083 907 2148 962 et
2204 919 2321 984 per

185 987 323 1053 eius
371 986 881 1052 benedictionem
927 987 1220 1053 habitum
1265 987 1620 1072 religionis,
1684 1009 1879 1073 quem
1923 986 2031 1051 diu
2078 985 2321 1051 deside-

184 1076 393 1160 rabat,
442 1077 706 1163 accepit.
771 1075 1012 1141 Attulit
1041 1085 1259 1173 autqm
1291 1076 1500 1142 eidem
1549 1086 1614 1141 et
1646 1097 1963 1142 summam
2008 1076 2321 1162 pecuniae

182 1186 312 1231 non
371 1187 642 1251 paruam
699 1166 1088 1252 pauperibus
1149 1166 1570 1250 erogandam,
1634 1166 1724 1232 nil
1770 1163 2148 1230 omnimodis
2196 1165 2323 1228 sibi

184 1275 552 1338 reseruans3
601 1251 715 1318 sed
760 1276 1006 1341 pauper
1053 1255 1282 1340 spiritu
1326 1256 1539 1341 magis
1576 1263 1841 1342 propter
1870 1276 2143 1339 regnum
2174 1275 2315 1318 cae-

182 1343 394 1408 lorum
441 1364 702 1408 manere
749 1342 1138 1412 desiderans.

365 1429 494 1509 Qui
554 1454 698 1496 cum
754 1433 1250 1516 ingrauescente
1315 1432 1610 1519 praefata
1671 1429 2081 1516 aegritudine
2150 1430 2319 1495 diem

179 1520 308 1585 sibi
355 1522 580 1586 mortis
626 1523 938 1586 inminere
983 1523 1305 1605 sensisset,
1354 1524 1583 1587 timere
1629 1523 1840 1606 coepit
1883 1519 2075 1585 homo
2122 1521 2321 1585 animi

184 1609 446 1694 regalis,
495 1631 577 1674 ne
622 1608 705 1673 ad
750 1619 1024 1675 mortem
1069 1611 1333 1675 ueniens
1379 1619 1559 1676 tanto
1606 1608 1897 1674 adfectus
1944 1610 2164 1674 dolore
2210 1610 2321 1672 ali-

179 1696 340 1784 quid
385 1697 722 1782 indignum
770 1719 924 1763 suae
976 1721 1290 1786 personae
1345 1700 1451 1764 uel
1497 1721 1608 1764 ore
1653 1699 1973 1786 proferret
2018 1697 2124 1762 uel
2168 1696 2320 1762 alio-

184 1809 329 1852 rum
373 1796 554 1852 motu
600 1797 856 1872 gereret
902 1789 1357 1854 membrorum.
1421 1786 1610 1852 Vnde
1658 1789 1861 1852 accito
1908 1784 1991 1850 ad
2022 1809 2092 1851 se
2136 1808 2321 1872 prae·

182 1875 320 1940 fato
357 1876 538 1940 urbis
572 1874 967 1960 Lundoniae,
1015 1878 1080 1941 in
1112 1899 1240 1962 qua
1271 1885 1425 1941 tunc
1456 1878 1593 1964 ipse
1624 1876 1949 1959 manebat,
1998 1877 2321 1962 episcop0‚

181 1967 471 2050 rogauit,
525 1987 609 2030 ne
656 1965 871 2050 plures
918 1989 993 2030 eo
1039 1967 1356 2030 moriente
1413 1987 1606 2052 quam
1660 1967 1800 2050 ipse
1870 1966 2209 2051 episcopus
2257 1973 2321 2028 et

184 2052 310 2118 duo
367 2055 466 2117 sui
521 2053 800 2119 ministri
860 2053 1178 2119 adessent.
1272 2052 1462 2132 Quod
1515 2054 1666 2119 dum
1726 2055 2063 2140 episcopus
2118 2054 2318 2119 liben-

183 2143 430 2208 tissime
477 2163 546 2207 se
592 2142 912 2208 facturum
957 2145 1385 2231 promitteret,
1432 2166 1559 2209 non
1605 2142 1806 2208 multo
1838 2153 1985 2230 post
2016 2142 2187 2208 idem
2217 2144 2320 2207 uir

184 2232 307 2316 dei,
357 2231 512 2296 dum
549 2231 844 2297 membra
888 2234 1104 2320 sopori
1150 2233 1451 2317 dedisset,
1499 2232 1662 2297 uidit
1689 2234 2003 2297 uisionem
2036 2232 2320 2296 consola-

181 2323 438 2405 toriam,
465 2342 919 2406 quaeomnem
951 2324 1011 2387 ei
1043 2324 1433 2387 anxietatem
1458 2330 1851 2387 memoratae
1875 2319 2318 2385 sollicitudinis

183 2410 496 2493 auferret,
552 2410 814 2497 insuper
862 2420 956 2495 et,
1015 2432 1142 2496 qua
1187 2411 1289 2477 die
1337 2421 1508 2476 esset
1552 2410 1718 2476 hanc
1762 2412 1966 2476 uitam
2013 2410 2320 2475 termina-

181 2508 391 2582 turus,
460 2497 846 2564 ostenderet.
940 2499 1123 2566 Vidit
1181 2502 1380 2584 enim,
1450 2509 1523 2564 ut
1586 2508 1732 2587 post
1776 2501 1915 2586 ipse
1972 2498 2315 2582 referebat,

183 2596 315 2653 tres
371 2585 456 2652 ad
501 2609 571 2652 se
631 2590 885 2653 uenisse
946 2590 1120 2654 uiros
1179 2590 1352 2655 claro
1411 2587 1667 2654 indutos
1725 2588 1977 2654 habitu:
2046 2609 2318 2674 quorum

180 2698 346 2741 unus
390 2675 677 2742 residens
722 2687 873 2742 ante
904 2678 1207 2743 lectulum
1237 2680 1394 2762 eius,
1441 2679 1760 2743 stantibus
1791 2677 1912 2760 his,
1959 2678 2069 2763 qui
2100 2698 2318 2742 secum

175 2764 609 2849 aduenerant,
671 2767 1014 2831 comitibus
1073 2775 1139 2832 et
1192 2766 1743 2852 interrogantibus
1812 2767 1893 2831 de
1940 2775 2112 2831 statu
2160 2767 2316 2848 eius,

175 2874 377 2939 quem
420 2853 835 2939 languentem
879 2856 1144 2920 uisitare
1202 2864 1543 2939 uenerant,
1613 2854 1803 2939 dixit,
1877 2854 2047 2941 quod
2104 2855 2321 2920 anima

179 2944 319 3007 eius
366 2951 432 3007 et
479 2944 616 3007 sine
664 2943 789 3009 ullo
850 2942 1067 3009 dolore
1129 2952 1192 3008 et
1251 2967 1399 3009 cum
1457 2966 1697 3029 magno
1755 2945 1919 3009 lucis
1980 2942 2317 3031 splendore

179 3039 352 3097 esset
400 3052 742 3116 egressura
789 3029 868 3096 de
915 3053 1216 3119 corpore:
1266 3032 1381 3099 sed
1429 3043 1494 3099 et
1538 3034 1801 3098 tertium
1849 3034 2079 3098 exinde
2124 3032 2315 3114 diem,

181 3142 308 3206 quo
350 3128 519 3185 esset
566 3122 941 3206 moriturus,
1003 3122 1370 3187 insinuauit.
1465 3120 1655 3200 Quod
1697 3123 1791 3187 ita
1835 3132 2197 3207 utrumque,
2246 3130 2318 3184 ut

184 3232 266 3274 ex
289 3210 536 3273 uisione
581 3207 823 3293 didicit,
872 3210 1260 3297 completum
1293 3220 1411 3280 est.
1474 3210 1649 3275 Nam
1694 3211 1799 3275 die
1845 3209 2077 3275 dehinc
2122 3211 2315 3274 tertio

177 3298 506 3384 completa
534 3297 694 3363 hora
723 3320 910 3381 nona,
959 3299 1169 3364 subito
1202 3302 1386 3385 quasi
1429 3301 1659 3365 leuiter
1704 3298 2129 3383 obdormienS,
2178 3298 2315 3363 sine

177 3386 309 3451 ullo
359 3408 549 3451 sensu
595 3386 832 3451 doloris
879 3390 1092 3453 emisit
1142 3390 1461 3474 spiritum.

359 3473 559 3539 Cuius
600 3478 853 3563 corpori
898 3476 1269 3543 tumulando
1316 3485 1862 3565 praeparauerant
1906 3476 2315 3559 sarcofagum

181 3563 535 3649 lapideum:
600 3563 715 3630 sed
761 3586 910 3629 cum
955 3565 1102 3631 huic
1151 3589 1383 3653 corpus
1426 3568 1734 3652 inponere
1782 3566 2174 3651 coepissent,
2222 3565 2315 3628 in-

187 3662 500 3719 uenerunt
542 3652 668 3719 hoc
712 3675 1015 3719 mensura
1058 3654 1259 3741 palmi
1302 3655 1557 3739 longius
1590 3678 1728 3720 esse
1760 3655 2115 3740 sarcofago.
2178 3652 2314 3718 Do·

184 3741 389 3807 lantes
455 3764 612 3826 ergo
673 3741 957 3830 lapidem
1019 3745 1087 3807 in
1150 3752 1458 3830 quantum
1526 3743 1856 3826 ualehant,
1934 3741 2316 3809 addiderunt

183 3828 568 3915 longitudini
611 3832 937 3917 sarcofagi
982 3834 1166 3918 quasi
1212 3832 1485 3899 duorum
1530 3855 1900 3899 mensuram
1944 3832 2313 3919 digitorum.
