2723 4326
154 233 186 284 1.
226 234 456 289 17—18.
2203 241 2287 306 27

153 409 527 475 condicione
593 411 965 496 dissimiles;
1037 412 1186 478 hinc
1250 410 1469 478 diuina
1534 412 1724 498 fides,
1792 413 1942 480 inde
2008 416 2290 482 humana

150 503 578 586 praesumti03
651 500 798 567 hinc
860 501 1094 588 pietas,
1165 501 1315 566 inde
1376 502 1705 590 superbia;
1776 502 1923 568 inde
1982 505 2288 590 Pelagius

32 587 35 674 ξ
149 598 405 674 auctor,
477 588 632 654 hinc
686 588 994 656 Christus.
1089 590 1306 655 Primo
1361 591 1429 656 in
1483 591 1621 656 loco
1680 591 2034 658 beatissimi
2078 615 2290 659 sacer-

150 676 330 744 dotes
394 677 838 765 praebuerunt
895 679 1282 744 aduersariis
1340 681 1593 765 copiam
1650 680 2049 768 disputandi,
2122 704 2290 768 quae

149 767 280 832 sola
327 766 630 833 nuditate
676 769 1024 834 uerborum
1068 768 1180 833 diu
1222 770 1503 834 inaniter
1535 783 1603 836 et
1633 792 1821 836 aures
1852 773 2191 857 occupauit
2221 781 2289 837 et

149 865 480 942 tempora:
530 855 764 923 deinde
807 858 1125 923 antistites
1170 856 1522 924 uenerandi
1567 868 1882 924 torrentes
1915 861 2151 946 eloquii
2192 862 2293 926 sui

32 957 34 968 '
152 968 293 1010 cum
318 947 698 1033 apostolicis
724 955 787 1012 et
811 946 1202 1032 euangelicis
1232 947 1548 1013 imbribus
1579 947 2029 1035 profuderunt:
2066 950 2291 1015 misce-

32 1067 34 1084 ι
150 1035 340 1099 batur
388 1057 603 1100 sermo
649 1038 946 1123 proprius
977 1058 1123 1100 cum
1156 1033 1393 1121 diuin0‚
1443 1046 1510 1102 et
1554 1035 1944 1103 adsertiones
1976 1037 2292 1104 molestis·

32 1087 39 1218 l
153 1125 346 1188 simas
427 1124 776 1190 lectionum
860 1126 1228 1190 testimonia
1304 1127 1756 1212 sequebantur.
1873 1125 2293 1192 Conuincitur

32 1249 34 1298 i
151 1217 426 1297 namtas,
476 1213 753 1300 perfidia
797 1213 1190 1298 confutatur3
1238 1213 1330 1278 ita
1376 1224 1448 1279 ut
1494 1215 1575 1280 ad
1622 1215 1905 1302 singulas
1944 1216 2291 1281 uerborum

32 1301 34 1314 ἶ
156 1303 552 1367 obiectiones
593 1325 810 1366 errare
857 1326 946 1387 se,
996 1304 1149 1367 dum
1193 1303 1585 1389 respondere
1630 1307 1897 1392 nequiit,
1944 1304 2289 1371 fateretur:

32 1471 34 1474 y
157 1392 432 1478 populus
480 1392 725 1457 arbiter
769 1394 881 1456 uix
925 1414 1151 1457 manus
1199 1393 1508 1478 continet,
1556 1392 1860 1459 iudicium
1904 1403 2122 1460 tamen
2167 1395 2293 1460 cla-

32 1487 35 1492 '
157 1503 332 1546 more
384 1489 684 1548 testatur.

32 1733 37 1814 ‚

32 1817 35 1850 ³
155 1833 227 1889 Vt
261 1833 432 1890 idem
469 1833 667 1889 filiam
702 1833 948 1890 tribuni
986 1847 1226 1890 caecam
1273 1832 1784 1902 lnluminauerlt‚
1838 1849 1909 1890 ac
1946 1835 2166 1891 deiude
2204 1836 2285 1892 acl

31 1855 42 2036 l
157 1906 433 1961 sanctum
469 1905 774 1960 Albanum
817 1905 1191 1974 perueniens
1228 1903 1536 1973 reliquias
1574 1903 1806 1961 ibidem
1843 1906 1907 1962 et
1943 1906 2143 1975 ipsius
2182 1922 2280 1963 ac-

160 1976 396 2046 ceperIt
452 1977 518 2032 et
568 1976 891 2032 beatorum
949 1976 1385 2118 aposptggggluing·
1430 1976 1565 2031 siue
1620 1975 1889 2032 aliorum
1937 1978 2284 2047 martyrum

32 2172 35 2231 7
335 2192 513 2257 Tum
568 2192 781 2257 subito
828 2193 1091 2279 quidam
1135 2192 1517 2257 tribuniciae
1571 2194 1910 2278 potestatis
1957 2214 2104 2257 cum
2150 2216 2297 2259 con-

167 2283 312 2366 iuge
356 2278 653 2368 procedit
698 2282 765 2345 in
808 2280 1089 2346 medium
1103 2332 1120 2364 ,
1168 2280 1367 2347 filiam
1410 2280 1482 2346 X
1526 2303 1838 2345 annorum
1886 2303 2143 2347 caecam
2191 2306 2299 2347 cu—

169 2370 435 2436 randam
495 2368 937 2436 sacerdotibus
991 2372 1263 2436 offerens
1276 2421 1294 2455 ‚
1365 2392 1559 2458 quam
1615 2370 1710 2435 illi
1764 2369 2151 2436 aduersariis
2207 2373 2299 2437 of·

168 2460 318 2525 ferri
363 2468 864 2547 praeceperunt:
926 2460 1039 2525 sed
1083 2460 1153 2525 hi
1196 2462 1590 2525 conscientia
1644 2460 1948 2546 puniente
2005 2460 2299 2525 deterriti

32 2468 39 2829 Ι
167 2550 440 2635 iungunt
494 2570 643 2613 cum
702 2549 1078 2635 parentibus
1141 2570 1368 2635 preces
1416 2558 1482 2614 et
1529 2551 1926 2613 curationem
1984 2550 2299 2635 paruulae

171 2660 205 2701 a
269 2637 711 2703 sacerdotibus
779 2636 1230 2724 deprecantur:
1304 2638 1414 2724 qui
1492 2638 1829 2703 inclinatos
1896 2640 2111 2703 animo
2186 2640 2295 2705 ad-

169 2728 485 2792 uersarios
553 2728 876 2791 intuentes
941 2728 1297 2793 orationem
1366 2727 1651 2791 breuiter
1709 2724 2013 2811 fundunt,
2064 2751 2139 2792 ac
2186 2729 2295 2794 de-

169 2816 314 2881 inde
359 2812 734 2881 Germanus
780 2816 1006 2902 plenus
1052 2816 1280 2903 spiritu
1325 2825 1550 2881 sancto
1596 2816 1852 2881 inuocat
1906 2818 2295 2901 trinitatem3

32 2912 35 2983 ι
169 2926 280 2969 nec
328 2926 542 2988 mora,
591 2903 1045 2969 adhaerentem
1088 2907 1276 2969 lateri
1321 2925 1438 2969 suo
1486 2905 1815 2991 capsulam
1862 2927 2007 2970 cum
2052 2918 2300 2971 sancto-

32 2984 35 3067 )
171 3015 308 3059 rum
362 2992 655 3079 reliquiis
703 2994 863 3059 collo
909 2994 1200 3059 auulsam
1255 2994 1549 3058 manibus
1597 2994 2085 3080 comprehendit
2132 3018 2301 3059 eam-

32 3078 39 3295 ῐ
173 3104 289 3167 que
333 3084 403 3147 in
450 3091 796 3168 conspectu
842 3082 1122 3148 omnium
1169 3082 1421 3169 puellae
1470 3082 1669 3147 oculis
1715 3083 2089 3169 adplicauit,
2140 3105 2301 3169 quos

173 3173 386 3237 statim
437 3180 781 3236 euacuatos
826 3171 1110 3236 tenebris
1154 3171 1373 3236 lumen
1416 3172 1710 3235 ueritatis
1764 3170 2075 3257 impleuit.
2167 3172 2300 3236 Ex-

171 3261 374 3325 ultant
444 3268 774 3346 parentes,
847 3260 1224 3325 miraculum
1283 3260 1556 3347 populus
1618 3262 2082 3325 contremiscit:
2152 3270 2301 3345 post

32 3390 35 3445 3
175 3370 362 3435 quam
395 3348 568 3414 diem
609 3352 702 3414 ita
733 3372 812 3414 ex
843 3350 1074 3414 animis
1105 3351 1391 3415 omnium
1430 3350 1642 3413 suasio
1681 3349 1899 3434 iniqua
1938 3346 2147 3413 deleta
2179 3358 2297 3434 est,

173 3448 238 3502 ut
283 3436 694 3504 sacerdotum
726 3437 1083 3504 doctrinam
1112 3437 1473 3504 sitientibus
1506 3436 1838 3502 desideriis
1878 3446 2296 3504 sectarentur.

32 3546 35 3579 ¹
345 3525 736 3615 Compressa
808 3530 1026 3613 itaque
1100 3528 1529 3614 peruersitate
1603 3525 1956 3590 damnabili
2033 3527 2299 3613 eiusque

177 3617 537 3682 auctoribus
584 3617 931 3681 confutatis
976 3625 1170 3701 atque
1217 3618 1445 3680 animis
1492 3615 1777 3679 omnium
1821 3612 1974 3679 fidei
2018 3618 2299 3701 puritate

178 3708 538 3792 compositis
587 3704 954 3770 sacerdotes
999 3706 1260 3770 beatum
1296 3703 1625 3769 Albanum
1670 3713 2045 3789 martyrem,
2094 3707 2301 3770 acturi

181 3792 290 3859 deo
333 3817 450 3882 per
495 3797 710 3882 ipsum
756 3795 1002 3879 gratias
1048 3796 1393 3880 petierunt,
1445 3792 1553 3857 ubi
1601 3791 1966 3860 Germanus
2014 3798 2301 3859 omnium

181 3885 601 3969 apostolorum
673 3883 1201 3970 diuersorumque
1258 3884 1632 3968 ⁴martyrum
1706 3905 1927 3947 secum
1995 3884 2299 3970 reliquias
