2723 4326
170 229 214 281 Ι.
257 229 490 285 29-30.
2238 232 2319 296 51

175 405 449 493 pallium
499 406 582 470 ab
630 404 752 471 hac
799 415 1022 469 sancta
1069 414 1134 470 et
1181 407 1555 492 apostolica,
1603 407 1705 471 cui
1752 406 1873 472 deo
1919 416 2181 473 auctore
2218 409 2325 473 de·

178 497 394 560 seruio
409 543 428 577 ,
478 494 630 559 sede
678 495 1013 581 percipiat.
1107 493 1215 557 Ad
1259 495 1629 561 Eburacam
1671 518 1828 560 uero
1877 498 2211 562 ciuitatem
2259 508 2325 562 te

176 585 476 649 uolumus
526 586 899 671 episcopum
953 584 1240 668 mittere,
1300 607 1497 670 quem
1544 586 1682 670 ipse
1728 585 2113 650 iudicaueris
2160 585 2325 651 ordi-

177 695 376 758 nare3
447 674 540 736 ita
599 671 942 756 duntaxat,
1003 682 1100 755 ut,
1165 673 1220 736 si
1267 671 1494 738 eadem
1552 675 1781 739 ciuitas
1842 696 1989 739 cum
2034 672 2325 740 finitimis

177 762 340 827 locis
402 762 674 826 uerbum
735 760 838 826 dei
895 762 1244 847 receperit,
1303 763 1443 848 ipse
1503 784 1756 849 quoque
1801 761 1943 828 XII
1990 765 2325 851 episcopos

181 850 439 916 ordinet
486 860 550 915 et
593 850 1073 938 metropolitani
1120 850 1360 915 honore
1407 851 1803 938 perfruatur3
1864 855 2015 938 quia
2061 855 2120 918 ei
2168 875 2323 938 quo-

182 963 328 1027 que,
378 942 432 1003 si
463 940 598 1003 uita
629 961 843 1004 comes
875 940 1089 1024 fuerit,
1137 941 1406 1026 pallium
1453 940 1740 1007 tribuere
1777 941 2034 1006 domino
2066 941 2327 1007 fauente

182 1030 610 1116 disponimus,
678 1050 869 1115 quem
915 1038 1137 1093 tamen
1181 1037 1332 1094 tuae
1378 1029 1802 1096 fraternitatis
1860 1032 2155 1096 uolumus
2202 1031 2326 1096 dis-

181 1118 486 1207 positioni
532 1117 891 1201 subiacere3
940 1128 1087 1203 post
1132 1118 1381 1184 obitum
1426 1141 1581 1184 uero
1627 1127 1811 1184 tuum
1847 1121 1941 1184 ita
1987 1121 2323 1206 episcopis,

183 1229 344 1295 quos
393 1206 819 1290 ordinauerit,
869 1209 1139 1292 praesit,
1188 1217 1262 1272 ut
1306 1207 1775 1274 Lundoniensis
1822 1210 2109 1297 episcopi
2153 1210 2327 1275 nullo

181 1295 378 1361 modo
447 1296 683 1361 dicioni
751 1296 1102 1361 subiaceat.
1198 1294 1302 1362 Sit
1365 1320 1519 1363 uero
1585 1300 1753 1362 inter
1816 1295 2195 1364 Lundoniae
2263 1308 2328 1363 et

181 1386 527 1451 Eburacae
597 1385 874 1449 ciuitatis
945 1387 1279 1472 episcopos
1344 1387 1413 1451 in
1476 1396 1806 1474 posterum
1873 1386 2134 1452 honoris
2203 1391 2329 1453 ista

183 1476 511 1540 distinctio
522 1523 541 1556 ,
608 1482 679 1538 ut
722 1475 863 1559 ipse
908 1477 1087 1560 prior
1130 1473 1477 1560 habeatur,
1540 1477 1650 1562 qui
1695 1477 1875 1562 prius
1921 1476 2119 1542 fuerit
2163 1475 2328 1542 ordi-

181 1574 407 1648 natus3
456 1565 782 1628 communi
825 1572 1043 1629 autem
1091 1564 1352 1628 consilio
1387 1573 1452 1630 et
1490 1563 1791 1630 concordi
1837 1567 2089 1632 actione
2137 1588 2329 1653 quae-

183 1676 314 1740 que
360 1661 508 1717 sunt
552 1675 670 1738 pro
720 1651 962 1718 Christi
1006 1652 1145 1718 zelo
1193 1651 1471 1738 agenda3
1530 1652 1873 1742 disponant
1917 1656 2327 1740 unanimiter,

182 1752 364 1807 recte
410 1745 710 1822 sentiant,
757 1750 826 1807 et
869 1765 966 1826 ea,
1016 1764 1180 1829 quae
1226 1744 1563 1827 senserint,
1612 1766 1743 1808 non
1788 1744 2046 1809 sibimet
2091 1743 2325 1809 discre—

185 1831 401 1919 pando
447 1830 802 1917 perficiant.

371 1919 518 1984 Tua
562 1942 718 1985 uero
765 1920 1137 1984 fraternitas
1181 1941 1310 1984 non
1357 1921 1566 1985 solum
1606 1943 1716 1985 eos
1764 1923 2118 2008 episcopos,
2168 1945 2329 2008 quos

186 2009 614 2094 ordinauerit,
673 2029 884 2094 neque
944 2008 1061 2072 hos
1125 2007 1596 2094 tantummodo,
1659 2012 1769 2096 qui
1825 2033 1942 2097 per
1988 2011 2329 2077 Eburacae

187 2101 567 2187 episcopum
623 2098 861 2163 fuerint
921 2097 1226 2181 ordinati,
1289 2097 1405 2163 sed
1451 2101 1646 2163 etiam
1702 2121 1921 2165 omnes
1966 2099 2331 2166 Brittaniae

186 2189 556 2255 sacerdotes
602 2188 840 2266 habeat
885 2187 1007 2253 deo
1047 2186 1306 2253 domino
1338 2198 1561 2253 nostro
1591 2187 1746 2253 Iesu
1776 2188 2033 2255 Christo
2066 2199 2329 2255 auctore

187 2278 542 2362 subiectos3
614 2287 926 2365 quatenus
975 2300 1057 2342 ex
1101 2277 1325 2361 lingua
1373 2287 1439 2343 et
1484 2280 1622 2343 uita
1665 2287 1817 2343 tuae
1862 2281 2219 2344 sanctitatis
2266 2289 2330 2345 et

185 2376 370 2433 recte
431 2365 732 2432 credendi
781 2376 846 2432 et
892 2368 1058 2432 bene
1104 2366 1366 2432 uiuendi
1410 2366 1687 2433 formam
1732 2370 2091 2455 percipiant
2137 2378 2331 2455 atque

189 2456 479 2522 officium
525 2478 711 2521 suum
755 2454 881 2519 fide
929 2478 1006 2520 ac
1053 2455 1338 2520 moribus
1388 2466 1837 2544 exsequentes,
1887 2456 1967 2521 ad
2006 2459 2331 2540 caelestia,

190 2568 340 2611 cum
385 2544 681 2610 dominus
725 2545 1031 2630 uoluerit,
1085 2566 1291 2629 regna
1333 2548 1726 2632 pertingant.
1819 2546 2001 2612 Deus
2046 2556 2114 2612 te
2161 2550 2334 2613 inco-

189 2636 437 2700 lumem
483 2633 820 2715 custodiat,
871 2636 1390 2701 reuerentissime
1436 2635 1657 2701 frater.

367 2722 545 2788 Data
608 2721 711 2788 die
757 2722 846 2790 X.
894 2722 1335 2789 Kalendarum
1396 2723 1733 2809 Iuliarum,
1797 2727 2158 2811 imperante
2226 2724 2333 2790 do-

189 2816 366 2878 mino
438 2821 659 2878 nostro
721 2810 1034 2877 Mauricio
1103 2811 1370 2878 Tiberio
1439 2816 1730 2902 piissimo
1798 2814 2099 2899 Augusto
2164 2836 2332 2880 anno

188 2903 445 2968 decimo
491 2924 689 2987 nono,
745 2911 891 2988 p‘ost
939 2903 1340 2966 consulatum
1390 2903 1679 2969 eiusdem
1726 2904 1967 2969 domini
2011 2926 2181 2971 anno
2228 2903 2333 2968 de·

189 2993 360 3057 cimo
409 3001 657 3076 octau0,
705 2988 1051 3055 indictione
1099 2994 1371 3077 quarta.'

1209 3224 1314 3288 30.

190 3379 530 3450 Exemplar
555 3379 887 3449 epistulae,
917 3394 1099 3448 quam
1117 3379 1365 3436 Mellito
1390 3380 1608 3437 abbati
1634 3378 2015 3435 Brittaniam
2038 3379 2331 3449 pergenti

1168 3470 1367 3525 misit.

369 3612 786 3679 Abeuntibus
824 3622 1042 3679 autem
1088 3614 1397 3702 praefatis
1442 3614 1793 3700 legatariis,
1842 3614 2016 3679 misit
2044 3623 2191 3701 post
2224 3636 2334 3679 eos

187 3704 423 3769 beatus
487 3710 674 3788 pater
736 3702 1098 3788 Gregorius
1162 3703 1411 3770 litteras
1494 3712 1854 3769 memoratu
1921 3703 2151 3789 dignas
2170 3754 2188 3787 ,
2266 3706 2333 3769 in

192 3793 429 3879 quibus
487 3802 736 3877 aperte,
802 3815 995 3878 quam
1061 3792 1343 3859 studiose
1406 3816 1563 3879 erga
1608 3794 2029 3859 saluationem
2074 3802 2332 3859 nostrae

193 3884 411 3967 gentis
459 3881 915 3967 inuigilauerit,
965 3880 1263 3968 ostendit,
1311 3884 1403 3948 ita
1448 3882 1760 3950 scribens:
