2723 4326
169 217 202 270 1.
239 220 327 274 27.
2220 222 2309 286 39

166 397 344 482 quasi
410 396 483 460 in
543 395 922 461 fasciculum
981 395 1252 461 collecta
1310 395 1486 483 apud
1529 395 1893 482 Anglorum
1946 406 2197 464 mentes
2242 398 2311 464 111

164 482 700 550 consuetudinem
748 484 1017 571 depone.

335 571 474 638 ΙΙΙ.
523 572 960 660 Interrogatio
1005 572 1387 658 Augustini:
1438 571 1756 657 Obsecro,
1808 568 1961 660 quid
2008 575 2146 662 pati
2197 575 2311 641 de-

44 669 46 700 ⁵
163 665 333 748 beat,
387 664 594 749 siquis
641 662 726 727 ali
772 661 884 727 uid
929 661 1010 728 de
1058 662 1332 728 ecclesia
1378 662 1555 728 furtu
1598 661 1987 728 abstulerit?

339 751 709 839 Respondit
807 751 1127 836 regorius:
1175 749 1323 817 Hoc
1368 760 1482 817 tua
1512 752 1885 818 fraternitas
1918 774 1999 816 ex
2030 775 2309 840 persona

163 841 322 906 furis
369 863 650 928 pensare
694 850 940 928 potest,
989 841 1268 927 qualiter
1310 841 1528 906 ualeat
1574 842 1831 928 corrigi.
1926 838 2090 907 Sunt
2137 843 2308 908 enim

42 935 44 938 ’
163 929 454 1018 quidam,
503 931 615 1017 qui
658 929 972 995 habentes
1011 928 1298 995 subsidia
1328 931 1574 995 furtum
1605 940 2002 1018 perpetrant,
2054 941 2121 997 et
2160 941 2311 997 sunt

42 1025 44 1030 ’
163 1021 297 1102 alii,
359 1021 475 1106 qui
530 1019 652 1085 hac
706 1020 775 1084 in
831 1041 904 1084 re
951 1041 1034 1084 ex
1076 1020 1297 1105 inopia
1343 1019 1748 1107 delinquunt:
1810 1018 1981 1085 unde
2043 1042 2309 1086 necesse

164 1118 288 1194 est,
338 1119 418 1173 ut
464 1107 731 1194 quidam
775 1107 1060 1191 damnis,
1115 1107 1380 1195 quidam
1426 1131 1583 1174 uero
1628 1109 2009 1176 uerberibus
2054 1118 2123 1174 et
2168 1110 2307 1196 qui·
2388 1107 2394 1119 ’

40 1231 42 1234 >
164 1199 312 1264 dam
375 1197 766 1282 districtius,
836 1198 1096 1284 quidam
1161 1207 1381 1263 autem
1437 1199 1645 1264 leuius
1704 1199 2127 1284 corrigantur.
2220 1198 2311 1264 Et

40 1355 43 1380 Ι
164 1311 310 1354 cum
359 1287 558 1376 paulo
606 1287 956 1352 districtius
1003 1288 1241 1372 agitur,
1290 1309 1372 1352 ex
1418 1289 1690 1354 caritate
1736 1288 2061 1375 agendum
2106 1297 2205 1353 est
2245 1297 2311 1353 et

40 1383 42 1432 Ι
162 1399 284 1442 11011
332 1398 422 1441 ex
468 1375 716 1441 furore:
779 1379 931 1462 quia
988 1377 1114 1462 ipsi
1168 1375 1292 1440 hoc
1337 1387 1736 1463 praestatur,
1785 1380 1897 1465 qui
1942 1379 2309 1463 corrigitur,

163 1489 238 1532 116
299 1464 647 1551 gehennae
707 1466 966 1550 ignibus
1025 1462 1336 1530 tradatur.
1387 1465 1543 1533 aSic
1600 1469 1774 1532 enim
1838 1488 1954 1532 nos
2012 1465 2311 1533 fidelibus

38 1617 40 1640 ἶ
163 1567 390 1621 tenere
440 1553 846 1641 disciplinam
893 1553 1222 1638 debemus,
1271 1555 1437 1619 sicut
1482 1556 1636 1621 boni
1683 1564 1901 1643 patres
1947 1557 2311 1622 carnalibus

38 1661 40 1686 ³
165 1643 312 1710 filiis
361 1644 606 1730 solent,
653 1664 816 1729 quos
863 1653 927 1709 et
970 1665 1090 1731 pro
1136 1643 1342 1730 culpis
1388 1645 1771 1710 uerberibus
1818 1645 2060 1711 feriunt
2106 1656 2173 1711 et
2215 1655 2310 1711 ta-

166 1757 310 1799 men
357 1734 560 1820 ipsos,
609 1754 772 1819 quos
805 1732 1129 1798 doloribus
1161 1732 1481 1818 adfligunt
1525 1733 1773 1800 habere
1812 1733 2087 1800 heredes
2118 1757 2309 1822 quae-

165 1833 340 1906 runt3
393 1831 461 1887 et
509 1844 674 1909 quae
719 1822 1074 1908 possident,
1121 1822 1276 1908 ipsis
1324 1833 1609 1905 seruant,
1658 1845 1817 1910 quos
1861 1824 2012 1888 irati
2058 1825 2310 1912 insequi

165 1912 486 1978 uidentur.
580 1910 769 1992 Haec
828 1932 985 1998 ergo
1047 1913 1284 1976 caritas
1348 1914 1417 1977 in
1476 1921 1693 1978 mente
1756 1911 2037 1977 tenenda
2096 1922 2197 1979 est
2243 1923 2311 1980 et

165 2003 304 2087 ipsa
348 2001 616 2066 modum
651 2001 1073 2087 correptionis
1107 1998 1326 2085 dictat,
1376 2003 1469 2065 ita
1506 2010 1579 2066 ut
1608 2022 1793 2066 mens
1825 2011 2013 2066 extra
2042 2003 2310 2068 rationis

167 2089 458 2176 regulam
506 2091 766 2155 omnino
809 2088 970 2154 nihil
1016 2089 1231 2154 faciat.
1310 2088 1531 2155 Addes
1580 2092 1797 2176 etiam,
1848 2089 2169 2178 quomodo
2210 2114 2307 2177 ea,

171 2201 330 2266 quae
377 2180 557 2245 furtu
602 2179 683 2245 de
716 2180 1002 2245 ecclesiis
1047 2178 1455 2264 abstulerint,
1503 2178 1775 2245 reddere
1807 2178 2108 2248 debeant.
2178 2179 2312 2248 Sed

171 2269 353 2352 absit,
405 2277 479 2333 ut
526 2269 799 2354 ecclesia
829 2291 975 2334 cum
1023 2278 1374 2353 augmento
1419 2270 1711 2355 recipiat,
1762 2268 1935 2355 quod
1980 2267 2060 2333 de
2104 2278 2306 2336 terre·

171 2360 262 2423 nis
324 2357 526 2423 rebus
589 2356 849 2422 uidetur
901 2359 1202 2424 amittere
1262 2368 1325 2422 et
1380 2356 1559 2424 lucra
1614 2358 1695 2423 de
1741 2359 1926 2423 uanis
1972 2380 2303 2445 quaerere.

337 2445 510 2515 IIII.
542 2444 974 2531 Inter-rogatio
1007 2446 1388 2531 Augustini:
1444 2446 1519 2515 Si
1549 2447 1825 2513 debeant
1857 2445 1981 2513 duo
2013 2448 2309 2533 germani

170 2535 402 2601 fratres
450 2535 735 2620 singulas
783 2557 1031 2601 sorores
1079 2537 1395 2623 accipere,
1444 2558 1611 2623 quae
1658 2545 1809 2601 sunt
1843 2537 1926 2602 ab
1957 2536 2081 2601 illis
2111 2537 2309 2622 longa

171 2626 482 2711 progenie
530 2623 926 2709 generatae?

338 2712 704 2799 Respondit
737 2710 1128 2799 Gregorius:
1193 2711 1340 2777 Hoc
1387 2713 1528 2780 fieri
1562 2712 1769 2779 modis
1803 2715 2099 2779 omnibus
2130 2713 2305 2781 licet:

169 2822 576 2889 nequaquam
622 2802 798 2868 enim
842 2803 911 2866 in
957 2801 1156 2867 sacris
1203 2802 1475 2888 eloquiis
1519 2804 1874 2889 inuenitur,
1932 2801 2104 2891 quod
2157 2803 2309 2870 111110

171 2892 451 2978 capitulo
501 2888 941 2957 contradicere
985 2890 1306 2958 uideatur.

337 2979 424 3046 V.
476 2978 911 3063 Interrogatio
956 2977 1342 3064 Augustini:
1399 2978 1623 3067 Vsque
1668 2980 1751 3045 ad
1797 2991 2065 3068 quotam
2111 3003 2307 3068 gene-

166 3071 482 3136 rationem
545 3068 773 3135 fideles
832 3067 1113 3135 debeant
1172 3091 1318 3134 cum
1382 3071 1757 3156 propinquis
1821 3072 1945 3137 sibi
2008 3074 2309 3157 coniugio

168 3158 456 3246 copulari
476 3158 511 3223 Ῥ
570 3168 637 3224 et
683 3160 978 3223 nouercis
1027 3167 1093 3223 et
1139 3160 1437 3243 cognatis
1484 3161 1539 3225 si
1581 3159 1777 3225 liceat
1822 3159 2113 3248 copulari
2158 3181 2305 3224 0011-

165 3248 228 3312 111
282 3247 396 3313 ’οῗ

231 3272 301 3335 ει
339 3334 704 3424 Respondit
752 3333 1147 3422 Gregorius:
1227 3335 1561 3416 Quaedam
1610 3346 1870 3402 terrena
1914 3336 2022 3401 lex
2068 3338 2137 3401 in
2182 3334 2308 3402 Ro·

168 3446 356 3492 mana
400 3426 738 3513 republica
783 3427 1122 3511 permittit,
1173 3436 1244 3493 ut
1290 3428 1429 3493 siue
1476 3426 1678 3492 frater
1724 3434 1793 3490 et
1836 3447 2017 3491 soror
2046 3449 2163 3491 seu
2194 3423 2306 3490 du-

171 3536 345 3582 orum
392 3515 664 3581 fratrum
715 3536 1169 3599 germanorum
1215 3516 1322 3581 uel
1370 3513 1640 3579 duarum
1686 3536 1978 3580 sororum
2024 3514 2193 3580 filius
2240 3526 2309 3582 et

169 3602 297 3669 filia
339 3606 754 3670 misceantur.
833 3601 964 3670 Sed
999 3606 1442 3691 experimento
1474 3602 1815 3669 didicimus
1862 3625 1945 3668 ex
1992 3604 2108 3669 tali
2154 3626 2303 3671 con·

170 3692 338 3779 iugio
385 3694 677 3759 sobolem
724 3714 850 3757 non
897 3716 1086 3780 posse
1135 3714 1561 3758 succrescere.
1640 3692 1730 3757 Et
1776 3714 1961 3757 sacra
2006 3693 2114 3759 lex
2159 3716 2306 3781 pro-

172 3777 346 3847 hibet
374 3782 779 3869 cognationis
810 3780 1276 3869 turpitudinem
1320 3781 1633 3848 reuelare.
1672 3779 1863 3849 Vnde
1893 3804 2157 3848 necesse
2188 3792 2307 3867 est,

175 3880 240 3933 ut
279 3872 405 3937 iam
462 3872 660 3937 tertia
715 3871 818 3935 uel
865 3880 1096 3958 quarta
1141 3873 1476 3956 generatio
1531 3870 1816 3938 fidelium
1862 3872 2136 3937 licenter
2182 3871 2305 3936 sibi
