2723 4326
31 861 44 924 ἡ

207 217 304 277 111.
343 217 432 272 25.
2212 218 2348 282 -149

209 394 368 458 meis
402 395 646 480 accepi,
697 396 807 481 qui
837 418 941 460 me
973 395 1097 459 huc
1130 395 1504 482 episcopum
1551 395 1882 479 miserunt,
1934 395 2102 480 quod
2128 417 2349 460 omnes

211 492 425 570 patres
483 485 722 568 nostri,
794 486 916 548 uiri
967 482 1087 549 deo
1138 484 1397 563 dilecti,
1466 482 1693 548 eodem
1740 483 1930 548 modo
1996 484 2355 550 celebrasse

208 582 576 638 noscuntur.
670 571 859 652 Quod
919 574 1109 638 necui
1171 570 1712 638 contemnendum
1760 582 1825 638 et
1870 574 2349 660 reprobandum

213 683 351 726 esse
383 660 698 747 uideatur,
734 665 947 749 ipsum
981 671 1099 745 est,
1135 662 1306 748 quod
1337 663 1565 728 beatus
1600 661 2000 747 euangelista
2030 662 2351 728 Iohannes

211 751 559 837 discipulus
605 752 972 838 specialiter
1015 751 1275 817 domino
1323 751 1595 816 dilectus
1644 773 1788 816 cum
1836 752 2157 834 omnibus,
2216 754 2351 838 qui-

210 840 326 904 bus
374 850 703 926 praeerat,
771 842 1032 906 ecclesis
1093 840 1454 906 celebrasse
1511 840 1791 926 legitur?
1888 839 2033 920 Quo
2079 841 2241 906 haec
2289 851 2355 907 et

210 929 306 993 his
353 929 590 994 similia
635 929 909 1014 dicente,
957 931 1142 1015 iussit
1187 953 1306 995 rex
1353 939 1417 994 et
1447 929 1901 1015 Agilberctum
1948 930 2240 1016 proferre
2285 933 2351 995 in

208 1017 490 1083 medium
537 1040 784 1084 morem
809 1041 960 1084 suae
1008 1018 1499 1104 obseruationis,
1545 1017 1716 1085 unde
1761 1019 2016 1083 initium
2062 1019 2350 1104 haberet,

209 1107 311 1171 uel
378 1129 506 1193 qua
573 1107 742 1172 hunc
811 1109 1195 1173 auctoritate
1260 1117 1659 1195 sequeretur.
1752 1107 2110 1195 Respondit
2169 1108 2353 1193 Agil-

208 1196 495 1260 berctus:
563 1196 946 1284 ‘Loquatur,
1017 1198 1315 1282 obsecr0,
1368 1199 1523 1262 >uice
1568 1219 1715 1262 mea
1775 1195 2123 1285 discipulus
2170 1219 2352 1262 meus

208 1284 446 1350 Vilfrid
491 1286 856 1372 presbyter,
905 1289 1056 1373 quia
1101 1309 1300 1350 unum
1348 1287 1538 1351 ambo
1588 1289 1872 1372 sapimus
1919 1309 2066 1351 cum
2098 1289 2350 1371 ceteris,

213 1375 322 1459 qui
368 1373 476 1438 hic
521 1375 834 1458 adsident,
895 1375 1375 1440 ecclesiasticae
1412 1375 1781 1440 traditionis
1845 1376 2225 1452 cultoribus;
2290 1385 2357 1441 et

210 1463 316 1528 ille
377 1462 608 1528 melius
653 1486 731 1529 ac
776 1465 1177 1529 manifestius
1236 1466 1378 1552 ipsa
1436 1465 1663 1550 lingua
1708 1464 2103 1550 Anglorum,
2164 1488 2359 1552 quam

211 1573 333 1637 ego
381 1574 500 1638 per
545 1554 997 1640 interpretem,
1070 1563 1284 1640 potest
1331 1553 1710 1640 explanare,
1786 1575 1951 1640 quae
2000 1555 2351 1618 sentimus.²

213 1640 400 1705 Tunc
447 1641 712 1725 Vilfrid,
768 1642 1032 1707 iubente
1077 1665 1264 1728 rege,
1323 1652 1397 1706 ut
1442 1642 1713 1727 diceret,
1774 1644 1865 1707 ita
1912 1665 2178 1708 exorsus
2228 1653 2353 1708 est:

212 1729 466 1815 ‘Pasca,
506 1730 678 1816 quod
724 1731 1036 1816 facimus,'
1086 1733 1294 1818 inquit
1344 1730 1642 1796 ‘uidimus
1680 1730 1962 1816 Romae,
2024 1731 2135 1796 ubi
2183 1733 2357 1796 beati

211 1820 484 1904 apostoli
530 1821 763 1884 Petrus
810 1831 876 1886 et
921 1820 1161 1885 Paulus
1205 1821 1459 1904 uixere,
1509 1821 1815 1904 docuere,
1876 1823 2052 1906 passi
2096 1831 2244 1885 sunt
2293 1831 2357 1886 et

211 1908 465 1994 sepulti,
513 1908 596 1973 ab
625 1910 918 1974 omnibus
967 1909 1308 1974 celebrari:
1355 1909 1479 1973 hoc
1509 1910 1575 1973 111
1607 1908 1818 1991 Italia,
1867 1909 2085 1974 hocin
2118 1907 2353 1993 Gallia,

213 2019 370 2082 quas
418 1996 709 2062 discendi
755 1999 861 2064 uel
909 1998 1133 2064 orandi
1181 1998 1393 2063 studio
1440 1999 1992 2085 pertransiuimus,
2040 1998 2122 2062 ab
2156 2000 2356 2063 omni-

211 2086 328 2150 bus
375 2089 488 2171 agi
533 2089 1010 2175 conspeximus:
1077 2087 1200 2152 hoc
1248 2086 1570 2173 Africam,
1630 2088 1888 2173 Asiam,
1952 2086 2353 2177 Aegyptum,

213 2173 561 2241 Graeciam
608 2187 674 2242 et
721 2200 976 2243 omnem
1025 2178 1284 2261 orbem,
1342 2199 1747 2264 quacumque
1794 2177 2035 2244 Christi
2082 2179 2357 2243 ecclesia

211 2262 440 2329 diffusa
489 2274 606 2349 est,
655 2288 770 2353 per
817 2265 1104 2332 diuersas
1151 2269 1446 2331 nationes
1494 2275 1557 2331 et
1603 2266 1875 2350 linguae,
1932 2288 2061 2331 uno
2106 2290 2181 2331 ac
2229 2288 2356 2331 non

215 2353 474 2418 diuerso
535 2358 846 2442 temporis
909 2353 1130 2421 ordine
1193 2357 1337 2439 geri
1399 2358 1855 2441 comperimus:
1920 2365 2179 2442 praeter
2238 2355 2355 2421 hos

215 2452 466 2507 tantum
514 2454 580 2509 et
623 2444 1070 2510 obstinationis
1120 2466 1341 2509 eorum
1399 2445 1767 2531 complices,
1838 2445 2054 2509 Pictos
2100 2445 2243 2512 dico
2290 2455 2357 2510 et

214 2530 581 2617 Brettones,
629 2556 775 2597 cum
821 2536 1052 2620 quibus
1100 2534 1181 2599 de
1229 2533 1475 2599 duabus
1522 2534 1765 2601 ultimis
1816 2532 2063 2599 Oceani
2109 2535 2353 2619 insulis,

217 2630 301 2685 et·
325 2620 428 2685 his
473 2644 603 2686 non
647 2626 828 2708 totis,
893 2633 1117 2689 contra
1177 2632 1383 2688 totum
1450 2624 1670 2688 orbem
1736 2623 1928 2687 stulto
1974 2623 2197 2689 labore
2242 2647 2356 2709 pu-

213 2711 462 2795 gnant.'
557 2710 679 2777 Cui
737 2712 896 2777 haec
966 2712 1205 2777 dicenti
1270 2710 1601 2798 respondit
1647 2710 2025 2778 Colmanus:
2095 2712 2356 2777 ‘Mirum

217 2820 416 2885 quare
462 2799 727 2865 stultum
777 2802 1105 2889 appellare
1151 2799 1365 2865 uelitis
1412 2800 1702 2866 laborem
1747 2810 2068 2885 nostrum,
2116 2804 2181 2865 in
2230 2824 2355 2887 quo

214 2891 378 2953 tanti
403 2891 698 2976 apostoli,
746 2894 854 2977 qui
903 2913 1096 2976 super
1141 2899 1367 2977 pectus
1412 2888 1654 2954 domini
1700 2891 2075 2955 recumbere
2122 2889 2357 2976 dignus

213 2977 354 3060 fuit,
405 2979 706 3065 exempla
749 2991 1098 3055 sectamur;
1148 3001 1293 3043 cum
1338 2981 1549 3066 ipsum
1598 2980 2072 3065 sapientissime
2118 2981 2357 3044 uixisse

214 3068 419 3131 omnis
466 3065 740 3132 mundus
785 3068 1082 3134 nouerit.'
1177 3068 1268 3131 At
1312 3068 1656 3132 Vilfridus:
1708 3066 1963 3153 ‘Absit,'
2010 3070 2218 3154 inquit
2267 3068 2357 3132 ‘ut

216 3154 574 3220 Iohannem
622 3158 928 3224 stultitiae
973 3156 1549 3244 reprehendamus,
1606 3179 1752 3221 cum
1801 3159 1963 3222 scita
2010 3158 2172 3241 legis
2218 3155 2355 3220 Mo-

211 3247 425 3309 saicae
471 3247 654 3309 iuxta
697 3246 982 3312 litteram
1031 3256 1338 3329 seruaret,
1390 3245 1753 3310 iudaizante
1801 3244 2008 3309 adhuc
2040 3248 2105 3308 in
2136 3246 2357 3309 multis

213 3333 505 3416 ecclesia,
554 3357 674 3399 nec
719 3336 929 3401 subito
977 3335 1343 3401 ualentibus
1392 3335 1699 3421 apostolis
1748 3356 2005 3398 omnem
2042 3333 2205 3418 legis
2245 3333 2354 3398 ob-

213 3426 626 3508 seruantiam,
675 3446 842 3511 quae
887 3448 926 3489 a
956 3423 1078 3488 deo
1125 3425 1417 3489 instituta
1463 3435 1581 3508 est,
1630 3423 1950 3489 abdicare.
2017 3420 2356 3500 Quomodo

213 3512 583 3597 simulacra,
653 3536 817 3599 quae
863 3536 902 3577 a
949 3512 1369 3579 daemonibus
1438 3514 1699 3577 inuenta
1768 3521 1943 3596 sunt,
2013 3510 2358 3598 repudiare

213 3622 466 3684 61111166,
532 3604 644 3687 qui
690 3603 774 3668 ad
819 3602 1014 3668 fidem
1060 3602 1358 3683 ueniunt,
1420 3624 1683 3667 necesse
1732 3609 1857 3665 est:
1926 3600 2230 3666 uidelicet
2272 3624 2359 3667 ne

210 3689 591 3755 scandalum
651 3690 939 3756 facerent
1000 3692 1120 3774 616,
1183 3692 1292 3778 qui
1338 3692 1509 3754 inter
1554 3699 1781 3776 gentes
1844 3698 2028 3754 erant
2074 3688 2355 3755 Iudaeis.

207 3777 386 3844 Hinc
418 3788 522 3843 est
553 3782 742 3864 enim,
791 3780 960 3867 quod
989 3779 1230 3844 Paulus
1265 3777 1684 3844 Timotheum
1717 3778 2137 3863 circumcidit,
2190 3777 2359 3866 quod

206 3866 451 3933 hostias
495 3869 564 3932 in
592 3869 833 3957 templo
880 3869 1256 3953 immolauit,
1309 3868 1477 3954 quod
1512 3892 1657 3933 cum
1690 3867 1933 3954 Aquila
1965 3878 2031 3934 et
2062 3868 2357 3933 Priscilla
