2723 4326
224 234 301 287 11.
347 235 429 289 13.
809 299 814 304 ,
2282 243 2363 306 91

231 419 299 476 et
366 411 570 476 calido
636 411 865 476 effecto
937 413 1262 499 cenaculo,
1331 414 1693 480 furentibus
1755 424 1972 482 autem
2036 417 2190 482 foris
2249 440 2368 502 per

231 503 451 564 omnia
505 500 866 565 turbinibus
921 501 1291 567 hiemalium
1346 505 1711 591 pluuiarum
1770 505 1876 569 uel
1931 506 2201 590 niuium,
2258 505 2367 571 ad-

229 590 629 676 ueniensque
661 612 822 654 unus
866 613 1202 677 passerum
1247 590 1507 656 domum
1554 595 1859 658 citissime
1894 595 2363 681 'peruolauerit3

229 679 343 764 qui
390 701 536 742 cum
581 701 700 766 per
743 702 940 744 unum
988 683 1219 745 ostium
1265 681 1635 767 ingrediens
1682 705 1834 748 mox
1878 706 1994 771 per
2039 683 2211 748 aliud
2259 707 2365 748 ex·
2428 713 2431 716 ·

225 769 398 832 ierit.
491 766 644 854 Ipso
691 769 947 854 quidem
996 778 1128 834 tem
1178 793 1307 852 ore,
1356 793 1483 857 quo
1529 773 1699 835 intus
1749 780 1874 858 est,
1930 771 2158 836 hiemis
2204 783 2363 838 tem-

224 864 482 942 pestate
513 879 641 922 non
686 860 993 944 tangitur,
1043 881 1111 922 se
1186 869 1403 925 tamen
1447 861 1829 945 paruissimo
1874 863 2081 947 spatio
2129 864 2363 928 sereni-

225 947 380 1011 tatis
429 944 510 1009 ad
568 957 965 1012 momentum
1024 969 1318 1032 excurse,
1385 971 1539 1014 mox
1585 948 1664 1014 de
1712 949 1924 1014 hieme
1970 952 2038 1014 in
2083 950 2362 1015 hiemem

223 1032 602 1120 regrediens
657 1037 785 1100 tuis
840 1036 1039 1100 oculis
1095 1036 1386 1101 elabitur.
1479 1037 1585 1102 Ita
1629 1037 1789 1104 haec
1844 1041 1982 1104 uita
2033 1037 2362 1104 hominum

223 1122 309 1187 ad
355 1123 679 1188 modicum
724 1133 1025 1211 apparet3
1088 1124 1240 1212 quid
1283 1135 1501 1190 autem
1552 1136 1855 1213 sequatur
1900 1126 2135 1213 quidue
2180 1152 2361 1215 prae-

223 1213 510 1295 cesserit,
559 1235 818 1298 prorsus
865 1216 1254 1299 ignoramus.
1321 1213 1510 1280 Vnde
1549 1217 1602 1279 si
1649 1217 1807 1280 haec
1854 1239 2023 1280 noua
2069 1216 2363 1282 doctrina

223 1303 464 1366 certius
509 1300 752 1389 aliquid
795 1303 1028 1385 attulit,
1079 1305 1311 1368 merito
1343 1326 1483 1368 esse
1514 1305 1842 1390 sequenda
1872 1305 2166 1371 uidetur!
2232 1305 2355 1372 His

219 1389 460 1456 similia
490 1400 554 1455 et
585 1393 784 1456 ceteri
829 1393 1103 1456 maiores
1142 1401 1299 1458 natu
1331 1415 1409 1459 ac
1440 1395 1613 1478 regis
1661 1393 2005 1459 consiliarii
2054 1394 2359 1462 diuinitus

218 1478 538 1545 admoniti
580 1480 1150 1567 prosequebantur.

402 1567 659 1634 Adiecit
705 1579 922 1635 autem
971 1568 1152 1655 Coifi,
1202 1572 1351 1656 quia
1400 1570 1592 1636 uellet
1636 1573 1848 1658 ipsum
1879 1571 2220 1637 Paulinum
2267 1571 2358 1636 di-

215 1658 523 1742 ligentius
569 1657 790 1724 audire
835 1659 916 1724 de
963 1658 1080 1723 deo
1091 1710 1109 1743 ,
1166 1681 1358 1746 quem
1403 1657 1837 1745 praedicabat,
1887 1662 2155 1726 uerbum
2205 1661 2356 1728 faci-

221 1757 459 1812 entem.
555 1744 744 1825 Quod
792 1769 938 1812 cum
983 1749 1243 1814 iubente
1291 1771 1447 1833 rege
1493 1749 1769 1832 faceret,
1817 1750 2203 1815 exclamauit
2248 1773 2357 1814 au-

215 1836 369 1900 ditis
401 1838 538 1902 eius
585 1837 984 1902 sermonibus
1032 1837 1278 1902 dicens:
1329 1836 1493 1901 ‘Iam
1525 1837 1677 1903 olim
1724 1839 2164 1904 intellexeram
2197 1840 2355 1905 nihil

211 1947 382 2001 esse,
450 1924 620 2010 quod
667 1925 1061 1991 colebamus:
1128 1927 1279 2012 quia
1325 1924 1654 2012 uidelicet,
1722 1936 1963 2013 quanto
2010 1927 2354 1993 studiosius

209 2015 282 2078 in
314 2036 390 2078 eo
425 2015 598 2078 cultu
628 2016 972 2080 ueritatem
1007 2015 1419 2100 quaerebam,
1467 2023 1647 2080 tanto
1680 2018 1891 2080 minus
1923 2018 2351 2083 inueniebam.

209 2101 406 2168 Nunc
453 2112 668 2169 autem
713 2114 938 2191 aperte
984 2103 1326 2192 profiteor,
1400 2106 1551 2191 quia
1595 2106 1665 2169 in
1708 2103 1829 2170 hac
1873 2105 2355 2193 praedicatione

209 2194 452 2257 ueritas
500 2194 702 2259 claret
747 2195 874 2279 illa,
923 2215 1088 2280 quae
1119 2195 1302 2259 nobis
1335 2197 1529 2277 uitae,
1578 2195 1796 2260 salutis
1837 2206 1902 2259 et
1939 2195 2355 2260 beatitudinis

209 2292 518 2348 aeternae
579 2280 744 2348 dona
802 2284 975 2348 ualet
1038 2284 1342 2349 tribuere.
1435 2283 1626 2349 Vnde
1692 2306 2001 2369 suggero,
2068 2307 2213 2370 rex,
2280 2294 2353 2349 ut

209 2372 456 2459 templa
500 2380 563 2437 et
609 2372 862 2456 altaria,
926 2394 1090 2460 quae
1140 2374 1277 2438 sine
1322 2373 1536 2437 fructu
1581 2374 1872 2439 utilitatis
1934 2376 2348 2460 sacrauimuS,

208 2462 386 2526 ocius
433 2458 825 2526 anathemati
861 2470 922 2525 et
952 2464 1089 2546 igni
1125 2460 1619 2527 contradamus.’
1684 2458 1855 2539 Quid
1884 2462 2113 2549 plura?
2160 2485 2346 2550 prae-

206 2550 350 2615 buit
394 2549 607 2637 palam
654 2549 993 2615 adsensum
1052 2551 1524 2635 euangelizanti
1569 2553 1761 2617 beato
1809 2553 2075 2617 Paulino
2122 2574 2236 2615 rex
2285 2561 2349 2618 et

205 2640 662 2704 abrenuntiata
705 2638 1001 2703 idolatria
1036 2638 1230 2704 fidem
1262 2662 1330 2704 se
1364 2637 1605 2704 Christi
1652 2642 1976 2727 suscipere
2023 2640 2348 2705 confessus

207 2737 324 2793 est.
390 2724 682 2815 Cumque
713 2751 751 2793 a
781 2728 1074 2815 praefato
1121 2728 1423 2815 pontifice
1470 2751 1799 2794 sacrorum
1846 2752 2107 2795 suorum
2154 2752 2345 2817 quae-

207 2827 404 2901 reret,
455 2818 598 2904 quis
630 2839 772 2882 aras
809 2827 870 2881 et
900 2818 1052 2882 fana
1087 2816 1403 2882 idolorum
1435 2840 1582 2882 cum
1616 2821 1834 2905 septiS,
1884 2820 2115 2905 quibus
2162 2828 2349 2885 erant

208 2905 634 2990 circumdata,
712 2907 958 2992 primus
1033 2906 1377 2992 profanare
1446 2904 1734 2992 deberet3
1814 2907 1919 2972 ille
1986 2907 2346 2996 respondit:

206 2995 394 3081 ‘Ego
481 2994 641 3075 Quis
688 2997 858 3060 enim
905 3016 999 3080 ea,
1051 3017 1215 3080 quae
1260 3018 1379 3082 per
1426 2996 1765 3060 stultitiam
1810 2996 1994 3081 colui,
2046 3020 2213 3062 nunc
2264 2995 2345 3062 ad

206 3084 576 3170 exemplum
621 3086 904 3149 omnium
951 3086 1160 3171 aptius
1207 3106 1402 3170 quam
1434 3089 1568 3170 ipse
1609 3108 1726 3172 per
1774 3086 2158 3171 sapientiam
2196 3084 2352 3151 mihi

206 3196 247 3237 a
280 3172 400 3238 deo
432 3196 586 3238 uero
619 3173 922 3238 donatam
959 3171 1351 3238 destruam‘R'
1415 3172 1781 3260 Statimque
1827 3176 2081 3239 abiecta
2127 3197 2344 3261 super-

211 3263 474 3327 stitione
519 3263 822 3327 uanitatis
870 3263 1126 3347 rogauit
1175 3264 1296 3327 sibi
1341 3284 1567 3347 regem
1614 3285 1798 3327 arma
1830 3262 1983 3327 dare
2017 3272 2081 3327 et
2113 3285 2348 3348 equum

209 3353 635 3436 emissarium,
686 3373 876 3438 quem
922 3351 1274 3417 ascendens
1323 3349 1403 3415 ad
1428 3350 1599 3415 idola
1645 3350 2033 3416 destruenda
2079 3354 2347 3417 ueniret.

207 3439 362 3505 Non
419 3442 589 3505 enim
642 3440 914 3505 licuerat
968 3440 1335 3528 pontificem
1396 3462 1724 3505 sacrorum
1779 3440 1882 3504 uel
1930 3463 2112 3505 arma
2154 3440 2349 3526 ferre,

208 3531 313 3594 uel
358 3540 616 3616 praeter
661 3530 728 3594 in
774 3552 940 3615 equa
987 3532 1296 3617 equitare.
1389 3528 1736 3594 Accinctus
1786 3549 1941 3612 ergo
1989 3529 2203 3615 gladio
2250 3552 2351 3595 ac-

209 3620 382 3705 cepit
441 3619 735 3683 lanceam
796 3620 862 3683 in
922 3642 1117 3684 manu
1165 3627 1230 3684 et
1275 3618 1627 3694 ascendens
1695 3619 2097 3683 emissarium
2155 3620 2350 3705 regie,

206 3708 530 3795 pergebat
598 3708 680 3772 ad
743 3706 934 3772 idola.
1029 3706 1219 3786 Quod
1282 3710 1599 3793 aspiciens
1662 3707 1897 3793 uulgus
1967 3710 2354 3774 aestimabat

210 3820 360 3862 eum
420 3798 720 3864 insanire.
814 3794 878 3860 N
883 3820 956 3861 ec
1017 3795 1261 3862 distulit
1318 3796 1455 3880 ille,
1522 3819 1675 3861 mox
1736 3806 1807 3861 ut
1869 3798 2211 3885 propiabat
2271 3797 2353 3863 ad

208 3886 450 3971 fanum,
502 3886 846 3974 profanare
893 3885 1070 3969 illud,
1119 3887 1356 3951 iniecta
1402 3887 1469 3949 in
1515 3908 1593 3950 eo
1638 3886 1882 3971 lancea,
1941 3908 2136 3974 quam
2181 3897 2351 3952 tene-
