2723 4326
172 178 249 229 v.
296 177 381 231 21.
2197 176 2324 240 279

177 353 495 437 operibns
528 352 758 414 unitati
790 350 1136 416 catholicae
1165 352 1468 415 fauerint:
1518 352 1711 415 immo
1751 348 2146 416 confidenter
2176 375 2320 438 pro-

179 442 381 507 fiteor
426 440 736 527 plurimos
778 462 857 503 ex
889 442 978 503 eis
1026 450 1278 505 sanctos
1324 464 1401 503 ac
1449 440 1567 505 deo
1613 439 1842 525 dignos
1888 443 2194 525 extitisse,
2245 464 2325 505 ex

182 531 425 617 quibus
488 540 587 594 est
644 527 985 593 Adamnan
1044 530 1245 594 abbas
1306 539 1374 593 et
1433 527 1730 594 sacerdos
1777 527 2323 593 Columbiensium

184 619 517 703 egregiae,
558 618 669 703 qui
699 640 845 682 cum
873 619 1125 703 legatus
1158 640 1311 683 suae
1341 621 1552 701 gentis
1583 617 1667 682 ad
1699 616 2067 683 Aldfridum
2099 640 2321 702 regem

184 711 425 771 missus
441 718 730 771 nostrum
744 729 996 793 quoque
1023 709 1483 771 monasterium
1507 707 1730 772 uidere
1745 707 2052 772 uoluisset
2066 709 2322 772 miram-

189 818 319 882 que
331 797 397 859 in
411 797 697 860 moribus
714 818 789 859 ac
801 797 1017 860 uerbis
1032 796 1462 883 prudentiam,
1479 796 1922 881 humilitatem,
1948 798 2322 881 religionem

192 884 585 968 ostenderet,
619 884 753 948 dixi
784 885 877 949 illi
907 886 1075 949 inter
1104 886 1231 950 alia
1263 886 1679 971 conloquens:
1721 883 2070 972 „Obsecro,
2106 894 2322 950 sancte

188 974 413 1058 frater,
462 975 574 1060 qui
620 973 703 1037 ad
748 996 1050 1039 coronam
1095 984 1161 1039 te
1208 976 1402 1060 uitae,
1452 996 1618 1060 quae
1665 976 2010 1039 terminum
2054 976 2320 1059 nesciat,

190 1061 457 1128 tendere
506 1061 741 1146 credis,
792 1062 945 1148 quid
992 1065 1308 1127 contrario
1355 1073 1506 1128 tuae
1552 1061 1702 1128 fidei
1748 1063 1973 1127 habitu
2019 1065 2322 1128 termina-

190 1161 329 1217 tam
375 1153 443 1215 in
488 1153 701 1238 capite
748 1174 1021 1216 coronae
1066 1154 1417 1238 imaginem
1462 1151 1731 1239 portas?
1781 1161 1845 1217 et
1886 1155 1940 1216 si
1970 1152 2148 1217 beati
2180 1175 2321 1217 con-

195 1242 463 1305 sortium
509 1242 690 1306 Petri
736 1243 1010 1326 quaeris,
1061 1264 1174 1305 cur
1221 1244 1384 1325 eius,
1435 1264 1627 1327 quem
1675 1242 1782 1307 ille
1829 1241 2324 1307 anathematiza-

193 1332 309 1411 uit,
358 1338 662 1393 tonsurae
708 1331 1059 1415 imaginem
1104 1330 1427 1395 imitaris?
1476 1341 1542 1395 et
1573 1353 1698 1395 non
1730 1333 1940 1418 potius
1974 1333 2128 1415 eiUS,
2178 1354 2321 1395 cum

195 1442 323 1505 quo
369 1420 433 1481 in
478 1427 811 1483 aeternum
859 1420 1082 1484 beatus
1115 1422 1333 1485 uiuere
1367 1422 1564 1507 cupis,
1601 1422 1798 1485 etiam
1827 1444 1997 1484 nunc
2027 1420 2322 1485 habitum

194 1518 280 1589 te,
330 1518 640 1592 quantum
686 1517 907 1593 potes,
970 1508 1241 1593 diligere
1290 1520 1610 1574 monstras
1626 1507 1700 1572 ‘?“
1780 1509 2136 1596 Respondit
2181 1510 2320 1574 ille:

202 1595 425 1682 „Scias
470 1618 587 1682 pro
622 1607 819 1680 cert0,
868 1599 1069 1662 frater
1117 1599 1205 1661 mi
1250 1597 1500 1682 dilecte,
1537 1599 1686 1683 quia
1718 1598 1837 1662 etsi
1871 1596 2149 1662 Simonis
2183 1608 2320 1662 ton-

198 1708 407 1751 suram
458 1708 540 1750 ex
571 1686 1033 1765 consuetudine
1065 1688 1274 1772 patria
1304 1686 1600 1770 habeam,
1636 1683 2068 1751 Simoniacam
2108 1694 2324 1749 tamen

196 1772 534 1861 perfidiam
581 1783 718 1838 tota
763 1785 980 1841 mente
1028 1775 1310 1840 detestor
1354 1798 1431 1840 ac
1477 1797 1748 1861 respuo:
1821 1775 2173 1839 beatissimi
2219 1796 2322 1837 au-

199 1874 329 1927 tem
377 1864 811 1949 apostolorum
856 1865 1184 1951 principiS,
1232 1874 1541 1951 quantum
1573 1886 1719 1928 mea
1748 1865 2032 1949 paruitas
2065 1861 2320 1946 sufficit,

192 1954 472 2037 uestigia
502 1954 687 2038 sequi
717 1950 1071 2017 desider0.“
1139 1952 1231 2017 At
1262 1975 1412 2038 ego:
1468 1949 1756 2039 „Credo“
1809 1956 2071 2038 inquam
2113 1974 2321 2039 „uere,

196 2040 366 2128 quod
412 2042 506 2105 ita
552 2044 665 2125 sit3
719 2040 833 2106 sed
877 2051 1095 2106 tamen
1142 2042 1378 2106 indicio
1424 2041 1530 2126 fit,
1592 2042 1766 2128 quod
1811 2064 1916 2123 ea,
1966 2063 2130 2127 quae
2176 2063 2323 2128 apo·

194 2132 340 2195 stoli
371 2130 549 2195 Petri
596 2140 761 2214 sunt,
810 2132 875 2194 in
907 2129 1129 2196 abdito
1162 2131 1374 2196 cordis
1415 2130 1895 2218 amplectimini,
1931 2132 2154 2218 siquae
2190 2132 2322 2195 eius

198 2243 337 2286 esse
379 2221 602 2304 nostiS,
653 2222 847 2286 etiam
895 2222 959 2284 in
1008 2220 1173 2284 facie
1217 2223 1470 2286 tenetis,
1564 2218 1860 2307 Namque
1915 2219 2321 2306 prudentiam

194 2321 369 2373 tuam
416 2309 720 2374 facillime
766 2307 1120 2374 diiudicare
1151 2331 1315 2393 reor,
1350 2307 1520 2396 quod
1551 2313 1762 2396 aptius
1796 2311 1995 2374 multo
2029 2313 2132 2392 sit,
2166 2312 2320 2392 eius,

196 2419 386 2484 quem
433 2398 626 2462 corde
670 2408 809 2463 toto
856 2399 1289 2464 abhominaris
1322 2400 1627 2484 cuiusque
1660 2399 2044 2464 horrendam
2089 2400 2320 2463 faciem

193 2486 413 2552 uidere
460 2487 703 2570 refugis
727 2539 744 2571 ,
810 2487 1103 2552 habitum
1150 2488 1366 2551 uultus
1422 2511 1461 2551 a
1505 2497 1616 2553 tuo
1663 2491 1846 2553 uultu
1895 2487 2012 2552 deo
2059 2488 2187 2552 iam
2232 2487 2322 2551 di-

198 2584 341 2640 cato
388 2597 723 2661 separare3
774 2585 840 2640 et
887 2585 1152 2641 econtra
1198 2578 1353 2658 eine,
1404 2598 1598 2662 quem
1643 2576 1814 2664 apud
1861 2575 2050 2640 deum
2084 2576 2321 2640 habere

195 2679 534 2751 patronum
580 2667 859 2750 quaeris,
906 2667 1069 2730 sicut
1114 2665 1288 2730 facta
1331 2667 1438 2730 uel
1483 2668 1727 2730 monita
1771 2666 1952 2751 cupis
1996 2667 2196 2750 sequi,
2231 2666 2322 2728 sic

196 2755 386 2818 etiam
434 2775 680 2818 morem
726 2753 981 2818 habitus
1028 2764 1093 2818 te
1136 2755 1378 2819 imitari
1425 2751 1834 2820 condeceat.“

375 2841 579 2907 ‘Haec
611 2851 766 2906 tunc
794 2841 1179 2907 Adamnano
1211 2843 1365 2925 dixi,
1415 2845 1522 2929 qui
1553 2843 1813 2929 quidem
1845 2852 2154 2928 quantum
2178 2864 2322 2907 con-

195 2932 429 3016 spectis
460 2930 873 2996 ecclesiarum
898 2941 1259 2997 nostrarum
1286 2935 1542 2996 statutis
1574 2932 1968 3018 profecisset,
2002 2932 2320 3018 probauit,

197 3043 341 3085 cum
396 3042 694 3084 reuersus
740 3020 823 3084 ad
870 3017 1185 3086 Scottiam
1232 3020 1466 3086 multas
1511 3030 1736 3106 postea
1782 3023 1992 3104 gentis
2039 3019 2322 3084 eiusdem

194 3107 417 3172 turbas
450 3107 532 3172 ad
564 3109 944 3174 catholicam
981 3111 1291 3195 temporis
1336 3108 1656 3196 paschalis
1703 3109 2179 3174 obseruantiam
2209 3129 2322 3172 sua

192 3196 669 3284 praedicatione
702 3201 1005 3264 correxit:
1039 3201 1299 3262 tametsi
1332 3221 1460 3281 eos,
1497 3200 1606 3283 qui
1637 3199 1703 3261 in
1732 3196 1845 3261 Hii
1876 3196 2082 3261 insula
2113 3218 2318 3260 mora-

195 3289 449 3367 bantur,
484 3286 848 3371 monachos,
882 3288 1240 3375 quibusque
1262 3288 1525 3373 speciali
1555 3288 1821 3351 rectoris
1845 3287 1983 3350 iure
2006 3295 2320 3371 praeerat,

190 3375 466 3440 necdum
512 3375 593 3440 ad
639 3378 841 3440 uitam
890 3377 1112 3441 statuti
1153 3376 1436 3441 melioris
1466 3373 1774 3440 reducere
1805 3374 2081 3438 ualebat.
2149 3371 2319 3437 Ton-

194 3485 411 3528 suram
458 3485 729 3550 quoque,
780 3467 834 3529 si
879 3475 1131 3530 tantum
1163 3466 1285 3530 sibi
1318 3464 1716 3529 auctoritatis
1749 3464 2058 3542 subesset,
2107 3483 2318 3526 emen-

195 3552 347 3618 dare
394 3554 811 3619 meminisset.

375 3639 528 3707 ‘Sed
560 3651 625 3706 et
656 3651 832 3707 tuam
870 3664 1040 3708 nunc
1086 3642 1512 3728 prudentiam,
1558 3663 1695 3724 rex,
1744 3639 2072 3723 admoneo,
2121 3648 2193 3702 ut
2224 3661 2319 3723 ea,

194 3752 359 3816 quae
405 3731 634 3795 unitati
666 3731 1020 3796 catholicae
1053 3740 1117 3795 et
1148 3730 1536 3819 apostolicae
1569 3730 1876 3795 ecclesiae
1923 3729 2320 3813 concinnant,

192 3841 321 3885 una
369 3840 514 3882 cum
561 3829 774 3904 gente,
824 3822 925 3885 cui
957 3830 1023 3883 te
1054 3841 1173 3885 rex
1204 3842 1426 3904 regum
1469 3829 1534 3885 et
1581 3819 1874 3884 dominus
1923 3817 2321 3884 dominorum
