2723 4326
201 167 244 220 1.
297 169 341 221 1.
2305 171 2342 236 -7

389 344 575 409 Haec
621 347 687 409 in
725 349 1070 432 praesenti,
1119 348 1302 412 iuxta
1346 367 1687 412 numerum
1731 347 2065 432 librorum,
2113 348 2372 434 quibus·

203 436 318 498 lex
375 432 594 497 diuina
653 437 894 521 scripta
954 444 1084 519 est,
1149 437 1431 520 quinque
1492 437 1780 520 gentium
1825 435 2093 520 linguis,
2149 458 2345 502 unam

206 521 613 608 eandemque
673 546 962 588 summae
1021 526 1310 588 ueritatis
1368 535 1435 588 et
1488 547 1685 590 uerae
1744 525 2155 590 sublimitatis
2227 528 2345 590 sci·

205 613 452 676 entiam
499 623 822 677 scrutatur
869 622 932 677 et
965 611 1323 697 confitetur,
1372 612 1734 698 Anglorum
1777 613 2107 693 uidelicet,
2154 614 2343 679 Bret-

205 712 436 766 tonum
456 751 473 784 ,
525 702 928 783 Scottorum,
975 703 1303 766 Pictorum
1351 712 1417 767 et
1462 701 1875 786 Latinorum,
1934 725 2099 790 quae
2144 701 2343 769 medi-

207 793 457 855 tatione
503 793 965 877 scripturarum
1015 793 1248 856 ceteris
1295 792 1592 857 omnibus
1634 802 1731 857 est
1761 793 1936 858 facta
1968 797 2343 858 communis.

205 879 289 943 In
351 881 573 966 primis
628 889 847 945 autem
891 880 1052 945 haec
1096 881 1304 945 insula
1348 881 1692 946 Brettones
1740 881 1979 966 solum,
2028 905 2069 946 a
2114 883 2345 967 quibus

203 991 446 1034 nomen
491 971 760 1056 accepit,
807 970 1047 1034 incolas
1092 969 1344 1054 habuit3
1395 973 1503 1056 qui
1546 970 1625 1035 de
1656 980 1866 1036 tractu
1899 971 2341 1056 Armoricano,

206 1068 280 1120 ut
325 1058 550 1142 fertur,
594 1057 983 1123 Brittaniam
1029 1058 1304 1143 aduecti,
1364 1059 1699 1126 Australes
1746 1060 1867 1124 sibi
1912 1069 2131 1146 partes
2174 1061 2344 1126 illius

204 1145 632 1212 uindicarunt.

387 1235 476 1300 Et
535 1260 679 1300 cum
749 1237 1090 1322 plurimam
1155 1238 1405 1302 insulae
1472 1246 1751 1323 partem,
1821 1239 2201 1324 incipientes
2262 1239 2345 1304 ab

204 1324 470 1408 Austr0,
504 1326 960 1411 possedissent,
995 1328 1264 1411 contigit
1296 1335 1558 1412 gentem
1580 1328 1913 1391 Pictorum
1945 1325 2024 1392 de
2056 1325 2344 1412 Scythia,

205 1424 278 1478 ut
337 1413 716 1500 perhibent,
778 1415 990 1500 longis
1045 1416 1321 1481 nauibus
1384 1437 1509 1479 non
1576 1415 1793 1480 multis
1860 1414 2195 1483 Oceanum
2254 1418 2346 1479 in-

206 1525 524 1588 gressam,
574 1505 1052 1590 circumagente
1097 1504 1255 1568 flatu
1300 1513 1660 1589 uentorum,
1710 1515 1895 1570 extra
1934 1503 2095 1570 fines
2126 1527 2345 1570 omnes

201 1591 566 1657 Brittaniae
607 1593 995 1658 Hiberniam
1040 1595 1414 1680 peruenisse
1432 1644 1451 1677 ,
1500 1595 1765 1680 eiusque
1814 1595 2345 1680 septentrionales

201 1704 350 1746 oras
409 1684 684 1748 intrasse
701 1733 718 1766 ,
781 1692 977 1768 atque
1036 1684 1301 1747 inuenta
1357 1683 1451 1746 ibi
1510 1692 1705 1766 gente
1752 1681 2122 1748 Scottorum
2141 1733 2159 1766 ,
2222 1684 2345 1748 sibi

205 1792 464 1858 quoque
508 1774 576 1834 in
621 1773 915 1859 partibus
960 1771 1132 1836 illius
1179 1769 1361 1835 sedes
1407 1773 1667 1856 petisse,
1716 1794 1837 1836 nec
1866 1774 2193 1859 inpetrare
2233 1795 2343 1859 po-

202 1862 426 1924 tuisse.
522 1862 642 1925 Est
705 1872 921 1926 autem
979 1859 1297 1925 Hibernia
1355 1860 1563 1924 insula
1624 1863 1910 1924 omnium
1968 1871 2115 1947 post
2167 1861 2341 1926 Brit-

203 1951 451 2014 taniam
506 1953 818 2034 maxima,
883 1948 966 2015 ad
1015 1948 1419 2014 occidentem
1464 1947 1723 2034 quidem
1770 1950 2133 2015 Brittaniae
2188 1951 2340 2035 sita3

205 2037 322 2102 sed
369 2040 534 2104 sicut
579 2049 806 2104 contra
850 2038 1238 2126 Aquilonem
1283 2061 1363 2102 ea
1408 2038 1695 2122 breuior,
1758 2040 1849 2103 ita
1894 2041 1961 2103 in
2006 2039 2344 2105 meridiem

205 2151 276 2192 se
320 2135 502 2193 trans
547 2129 715 2194 illius
761 2126 924 2196 fines
969 2129 1316 2215 plurimum
1379 2126 1793 2214 protendens,
1855 2150 2057 2215 usque
2118 2139 2345 2195 contra

205 2216 560 2304 Hispaniae
591 2219 1145 2304 septentrionalia,
1193 2220 1488 2305 quamuis
1532 2240 1768 2303 magno
1814 2239 2098 2305 aequore
2143 2221 2340 2283 inter-

203 2309 458 2372 iacente
506 2310 823 2393 peruenit.
914 2306 1022 2372 Ad
1065 2306 1234 2372 hanc
1279 2328 1437 2391 ergo
1492 2329 1695 2393 usque
1740 2310 2184 2393 peruenientes
2231 2330 2341 2372 na·

206 2397 384 2481 uigio
431 2396 616 2481 Picti,
665 2406 738 2462 ut
785 2396 1084 2477 diximus,
1132 2397 1461 2483 petierunt
1505 2398 1573 2459 in
1612 2420 1690 2463 ea
1720 2395 1841 2461 sibi
1874 2418 2127 2483 quoque
2159 2397 2342 2462 sedes

206 2493 272 2549 et
315 2484 782 2551 habitationem
830 2485 1072 2550 donari.
1166 2483 1669 2572 Respondebam:
1714 2482 1923 2551 Scotti
1938 2536 1956 2569 ,
2017 2489 2169 2573 quia
2212 2508 2342 2551 non

205 2574 431 2639 ambos
498 2598 606 2639 eos
668 2583 932 2661 caperet
989 2574 1229 2660 insula,
1295 2574 1429 2639 ‘sed
1474 2576 1831 2660 possumus'
1878 2577 2177 2661 inquiunt
2222 2575 2341 2639 ‘sa-

203 2664 388 2728 lubre
435 2665 620 2730 uobis
652 2663 805 2729 dare
839 2664 1193 2748 consilium,
1243 2662 1399 2749 quid
1444 2686 1639 2749 agere
1666 2664 1956 2730 ualeatis,
2028 2666 2341 2729 Nouimus

204 2754 480 2817 insulam
541 2754 735 2818 aliam
782 2775 923 2817 esse
984 2776 1114 2818 non
1179 2752 1405 2840 procul
1468 2775 1509 2817 a
1564 2763 1784 2818 nostra
1848 2763 2073 2819 contra
2128 2764 2341 2819 ortum

205 2844 387 2925 solis,
451 2864 643 2928 quam
704 2864 896 2930 saepe
953 2842 1373 2907 lucidioribus
1419 2840 1643 2905 diebus
1690 2842 1769 2907 de
1814 2842 2009 2929 longe
2054 2846 2343 2930 aspicere

206 2931 506 3000 solemus,
597 2930 788 2997 Hanc
835 2930 1016 2996 adire
1062 2933 1115 2995 si
1161 2932 1384 3015 uultis,
1432 2929 1848 2996 habitabilem
1896 2934 2081 2999 uobis
2127 2933 2341 2998 facere

203 3021 466 3085 ualetis:
539 3020 670 3101 uel,
739 3022 904 3105 siqui
967 3022 1310 3103 restiterit,
1380 3018 1563 3083 nobis
1626 3020 1979 3087 auxiliariis
2044 3020 2338 3087 utimini!

203 3108 437 3195 Itaque
469 3117 764 3195 petentes
795 3110 1186 3175 Brittaniam
1218 3108 1407 3194 Picti,
1455 3109 1748 3174 habitare
1794 3133 1911 3197 per
1956 3113 2335 3198 septentrio-

203 3198 380 3263 nales
435 3199 680 3263 insulae
727 3207 946 3285 partes
993 3207 1378 3285 coeperunt,
1440 3220 1593 3261 nam
1636 3196 1951 3264 Austrina
1994 3198 2338 3265 Brettones

205 3296 698 3373 occupauerant.
758 3286 1050 3373 Cumque
1080 3310 1316 3352 uxores
1347 3288 1517 3351 Picti
1546 3309 1673 3351 non
1702 3288 2014 3353 habentes
2046 3298 2341 3374 peterent

205 3399 244 3439 a
291 3373 552 3459 Scottis,
602 3398 680 3440 ea
727 3377 931 3441 solum
977 3375 1352 3442 condicione
1398 3374 1553 3440 dare
1600 3387 2081 3462 consenserunt,
2127 3388 2199 3443 ut
2228 3378 2341 3442 ubi

204 3487 309 3530 res
357 3466 730 3552 perueniret
774 3467 840 3530 in
877 3466 1162 3551 dubium,
1215 3468 1423 3550 magis
1469 3462 1549 3529 de
1595 3465 1877 3531 feminea
1917 3488 2145 3551 regum
2192 3489 2336 3553 pro-

207 3556 385 3639 sapia
432 3576 628 3640 quam
674 3554 755 3619 de
797 3553 1154 3620 masculina
1197 3576 1422 3639 regem
1466 3554 1591 3618 sibi
1636 3555 1983 3639 eligerent:
2034 3555 2204 3643 quod
2234 3579 2337 3620 us-

209 3664 333 3728 que
379 3642 572 3708 hodie
619 3642 790 3729 apud
838 3646 1052 3709 Pictos
1101 3653 1353 3708 constat
1400 3665 1541 3708 esse
1590 3654 1937 3709 seruatum.

386 3731 789 3796 Procedente
835 3742 1052 3797 autem
1098 3742 1391 3820 tempore
1436 3730 1757 3797 Brittania
1802 3742 1949 3820 post
1993 3732 2341 3799 Brettones

209 3829 276 3887 et
304 3820 522 3885 Pictos
569 3823 829 3886 tertiam
870 3818 1241 3888 Scottorum
1287 3823 1616 3886 nationem
1660 3824 1728 3887 in
1776 3822 2106 3888 Pictorum
2150 3831 2337 3910 parte
