2723 4326
450 199 580 263 186
2187 195 2313 247 1111.
2357 196 2590 251 12—13.

448 374 676 439 horum
736 396 1004 438 numero
1065 372 1222 437 duos
1282 371 1527 438 addidit
1585 373 1932 455 antistites,
1996 370 2445 438 Tunberctum
2503 372 2592 439 ad

446 463 785 529 ecclesiam
833 461 1443 547 Hagustaldensem‚
1491 471 1864 527 remanente
1904 462 2071 527 Eata
2116 462 2200 527 ad
2229 461 2589 527 Lindisfar·

449 574 731 634 nensem,
781 560 846 615 et
877 551 1218 617 Trumuini
1263 550 1348 615 ad
1391 552 1792 638 prouinciam
1825 551 2173 635 Pictorum,
2223 573 2392 638 quae
2429 560 2590 615 tunc

448 642 760 726 temporis
806 638 1169 724 Anglorum
1234 648 1375 704 erat
1431 641 1700 725 imperio
1761 640 2068 705 subiecta.
2161 639 2593 705 Eadhaedum

449 729 529 794 de
576 728 857 793 Lindissi
914 751 1274 811 reuersum,
1334 750 1412 792 eo
1459 725 1631 814 quod
1674 726 1986 795 Aedilred
2041 731 2444 817 prouinciam
2491 752 2592 795 re-

444 820 745 905 cepisset,
794 816 1125 905 Hrypensi
1170 817 1480 883 ecclesiae
1525 816 1858 904 praefecit.

1463 1050 1566 1113 13.

504 1207 583 1264 Vt
618 1206 854 1264 vnn-111
892 1206 1217 1276 episcopus
1254 1205 1644 1276 prmum-,inm
1681 1206 2068 1261 Austranum
2105 1205 2414 1263 Saxonum
2454 1208 2537 1263 ad

1133 1294 1449 1353 Christum
1485 1295 1900 1351 conuerterit.

630 1440 861 1503 Pulsus
907 1450 1006 1504 est
1050 1450 1268 1505 autem
1308 1441 1392 1505 ab
1425 1441 1801 1528 episcopatu
1831 1462 1945 1505 suo
1977 1437 2216 1505 Vilfrid
2262 1449 2327 1504 et
2381 1441 2594 1507 multa

450 1526 564 1593 diu
608 1527 750 1593 loca
794 1537 1189 1615 peruagatus
1235 1528 1507 1593 Romam
1553 1527 1732 1613 adiit,
1779 1528 2168 1593 Brittaniam
2226 1529 2455 1613 rediit3
2525 1540 2594 1595 et

450 1618 508 1682 si
552 1626 817 1704 propter
861 1618 1229 1682 inimicitias
1275 1620 1619 1683 memorati
1663 1620 1840 1703 regis
1886 1620 1954 1683 in
2000 1620 2213 1704 patria
2257 1619 2395 1683 siue
2442 1642 2592 1706 par·

450 1706 673 1771 rochia
716 1730 833 1771 sua
875 1709 1076 1795 recipi
1120 1729 1247 1771 non
1291 1708 1522 1793 potuit,
1567 1728 1696 1772 non
1733 1717 1950 1772 tamen
1980 1707 2063 1771 ab
2097 1707 2593 1791 euangelizandi

451 1797 662 1882 potuit
708 1798 1065 1861 ministerio
1113 1796 1432 1861 cohiberi:
1479 1794 1793 1880 siquidem
1842 1793 2170 1861 diuertens
2216 1794 2300 1859 ad
2327 1798 2593 1882 prouin-

448 1887 622 1949 ciam
665 1883 1066 1950 Australium
1112 1884 1473 1970 Saxonum,
1521 1906 1687 1969 quae
1731 1894 1878 1971 post
1923 1882 2306 1949 Cantuarios
2351 1884 2436 1950 ad
2478 1909 2593 1950 au-

451 1983 660 2038 strum
712 1983 777 2038 et
830 1973 913 2039 ad
966 1973 1361 2040 occidentem
1417 1995 1622 2059 usque
1667 1972 1750 2037 ad
1797 1970 2245 2038 Occidentales
2292 1972 2593 2039 Saxones

454 2064 790 2149 pertingit,
847 2062 1093 2128 habens
1146 2073 1386 2127 terram
1445 2062 1834 2127 familiarum
1879 2059 2015 2126 VH
2060 2062 2338 2147 milium,
2396 2073 2463 2127 et
2512 2087 2592 2127 eo

446 2151 663 2218 adhuc
707 2160 999 2240 tempore
1045 2153 1317 2240 paganis
1363 2151 1637 2217 cultibus
1697 2152 2046 2235 seruiebat3
2105 2150 2256 2217 huic
2312 2152 2594 2218 uerbum

453 2241 603 2307 fidei
658 2251 722 2307 et
781 2242 1107 2324 lauacrum
1171 2241 1396 2306 salutis
1454 2241 1882 2306 ministrabat.
1973 2240 2135 2306 Erat
2193 2249 2410 2305 autem
2471 2265 2594 2307 rex

446 2332 665 2416 gentis
711 2333 911 2416 ipsius
958 2329 1370 2414 Aedilualch,
1434 2352 1564 2395 non
1623 2329 1824 2394 multo
1888 2339 2037 2394 ante
2092 2329 2461 2417 baptizatus
2525 2334 2594 2396 in

452 2421 785 2506 prouincia
810 2417 1223 2503 Merciorum,
1269 2427 1614 2507 praesente
1651 2441 1728 2483 ac
1774 2427 2168 2504 suggerente
2211 2441 2373 2503 rege
2405 2417 2594 2484 Vulf-

453 2507 628 2593 here,
677 2532 717 2574 a
761 2531 887 2594 quo
933 2511 1129 2573 etiam
1176 2529 1474 2594 egressus
1521 2506 1600 2571 de
1645 2507 1841 2591 fonte,
1903 2507 2041 2572 loco
2087 2507 2204 2572 filii
2249 2518 2593 2595 susceptus

446 2607 578 2662 est:
641 2599 711 2662 in
764 2599 945 2662 cuius
1000 2599 1257 2682 signum
1309 2597 1668 2683 adoptionis
1713 2596 1873 2661 duas
1919 2596 2011 2660 illi
2063 2599 2426 2683 prouincias
2477 2596 2590 2662 do-

452 2688 652 2771 nauit,
702 2685 975 2752 Vectam
1020 2686 1323 2752 uidelicet
1368 2685 1641 2750 insulam
1687 2695 1754 2750 et
1783 2683 2285 2750 Meanuarorum
2329 2688 2594 2772 prouin-

449 2777 621 2839 ciam
665 2777 733 2840 in
762 2786 957 2860 gente
990 2773 1505 2841 Occidentalium
1537 2771 1886 2840 Saxonum.
1949 2773 2180 2861 Itaque
2225 2777 2590 2863 episcopua,

448 2865 862 2949 concedente,
906 2867 1106 2929 immo
1151 2864 1426 2929 multum
1471 2862 1794 2948 gaudente
1837 2885 2014 2947 rege,
2062 2866 2303 2949 primos
2325 2867 2590 2951 prouin—

454 2955 594 3018 ciae
642 2952 835 3018 duces
882 2976 958 3018 ac
1003 2953 1238 3018 milites
1286 2962 1692 3017 sacrosancto
1739 2951 1916 3016 fonte
1961 2952 2294 3036 abluebat3
2360 2975 2590 3018 uerum

451 3042 823 3129 presbyteri
869 3042 1098 3129 Eappa
1130 3052 1194 3108 et
1226 3040 1449 3106 Padda
1480 3050 1546 3105 et
1575 3040 1931 3126 Burghelm
1964 3050 2029 3105 et
2061 3039 2259 3106 Oiddi
2306 3051 2592 3107 ceteram

451 3132 712 3218 plebem
788 3132 894 3196 uel
972 3141 1125 3196 tunc
1201 3131 1307 3195 uel
1393 3140 1682 3218 tempore
1755 3139 2068 3217 ,sequente
2143 3129 2588 3216 baptizabant.

452 3223 655 3286 Porro
724 3222 951 3306 regina
1009 3221 1267 3284 nomine
1312 3218 1538 3284 Eabae
1583 3221 1649 3283 in
1695 3240 1836 3302 sua,
1907 3216 1975 3282 id
2020 3227 2120 3283 est
2163 3219 2589 3285 Huicciorum

453 3311 815 3396 prouincia
858 3309 1070 3374 fuerat
1133 3309 1480 3396 baptizata.
1534 3307 1736 3372 ·Erat
1799 3316 2020 3372 autem
2097 3307 2231 3372 filia
2289 3307 2590 3374 Eanfridi

452 3399 671 3464 fratris
732 3396 1044 3482 Aenheri,
1117 3399 1228 3484 qui
1290 3397 1482 3462 ambo
1547 3419 1694 3462 cum
1761 3419 1877 3460 suo
1940 3397 2176 3484 populo
2237 3395 2591 3463 Christiani

452 3488 655 3553 fuere.
751 3486 1055 3552 Ceterum
1099 3496 1239 3550 tota
1292 3487 1624 3572 prouincia
1668 3484 2070 3551 Australium
2117 3481 2456 3552 Saxonum
2499 3485 2589 3550 di-

450 3579 588 3642 uini
632 3578 907 3642 nominis
954 3584 1019 3640 et
1063 3574 1212 3640 fidei
1258 3584 1398 3640 erat
1443 3576 1688 3659 ignara.

632 3665 794 3730 Erat
847 3674 1065 3730 autem
1110 3665 1203 3729 ibi
1257 3663 1610 3728 monachus
1664 3664 1926 3751 quidam
1970 3662 2050 3728 de
2096 3663 2357 3728 natione
2407 3660 2590 3728 Scot-

450 3761 686 3836 torum,
728 3754 1042 3819 uocabulo
1072 3753 1285 3836 Dicul,
1319 3752 1564 3818 habens
1597 3753 2118 3819 monasteriolum
2146 3750 2589 3838 permodicum

454 3841 527 3903 in
570 3839 741 3923 loco,
790 3843 900 3926 qui
942 3851 1212 3907 uocatur
1256 3841 1721 3926 Bosanhamm,
1773 3841 1950 3908 siluis
1996 3850 2060 3907 et
2105 3843 2271 3906 mari
2318 3843 2586 3906 eircum-
