2723 4326
363 138 494 202 200
2250 131 2373 184 1111.
2414 131 2504 186 20.

451 311 552 378 En
597 309 754 376 deus
799 310 965 375 altus
1010 309 1144 374 adit
1189 309 1595 375 uenerandae
1640 311 1909 395 uirginis
1956 308 2197 373 aluum:

543 396 809 465 Liberet
854 409 926 464 ut
971 397 1282 482 homineS,
1331 421 1412 463 en
1458 398 1613 465 deus
1659 399 1825 464 altus
1872 397 2024 465 adit.

453 489 726 556 Femina
769 490 956 573 uirgo
1003 490 1171 575 parit
1216 486 1443 554 mundi
1487 486 1719 552 deuota
1764 496 2117 573 parentem,

542 579 741 643 Porta
785 577 996 642 Maria
1041 577 1162 661 dei,
1211 576 1453 642 femina
1496 579 1683 661 uirgo
1726 577 1919 664 parit.

454 666 708 736 Gaudet
753 668 961 732 amica
1007 665 1231 730 cohors
1278 664 1358 731 de
1404 667 1658 751 uirgine
1702 674 1911 730 matre
1957 665 2271 730 tonantis:

540 756 934 842 Virginitate
980 757 1224 819 micans
1271 753 1513 840 gaudet
1558 755 1767 820 amica
1813 753 2059 820 cohors,

451 844 664 912 Huius
711 844 912 908 honor
958 847 1182 928 genuit
1229 852 1405 908 casto
1453 841 1533 908 de
1580 845 1870 927 germine
1914 841 2152 930 plureS,

541 933 888 1018 Virgineos
934 931 1123 998 flores
1169 931 1356 997 huius
1401 932 1604 997 honor
1650 932 1889 1018 genuit.

451 1021 726 1108 Ignibus
770 1030 919 1087 usta
963 1022 1116 1086 feris
1163 1023 1349 1106 uirgo
1396 1043 1525 1086 non
1570 1030 1776 1086 cessat
1822 1019 2102 1106 Agathe,

541 1111 795 1177 Eulalia
842 1120 905 1175 et
951 1111 1199 1198 perfert
1243 1110 1502 1196 ignibus
1550 1120 1694 1175 usta
1737 1110 1910 1174 feris.

451 1199 660 1266 Kasta
703 1200 875 1264 feras
922 1208 1183 1286 superat
1228 1201 1461 1264 mentis
1510 1221 1626 1286 pro
1674 1199 1951 1264 eulmine
1998 1198 2222 1282 Teela,

541 1289 840 1354 Eufemia
885 1310 1071 1354 saera
1116 1286 1300 1352 kasta
1344 1288 1513 1352 feras
1560 1297 1842 1376 superat.

451 1377 662 1445 Laeta
707 1378 874 1442 ridet
919 1376 1169 1462 gladios
1215 1378 1387 1442 ferro
1432 1377 1757 1441 robustior
1800 1377 2044 1462 Agnes,

544 1466 828 1532 Caecilia
871 1465 1134 1531 infestos
1181 1466 1351 1530 laeta
1396 1466 1563 1530 ridet
1609 1464 1876 1550 gladios.

451 1553 692 1623 Multus
738 1557 804 1619 in
849 1555 1004 1619 orbe
1049 1557 1232 1640 uiget
1275 1577 1394 1641 per
1440 1555 1652 1619 sobria
1697 1554 1895 1619 eorda
1940 1553 2321 1640 triumphuS,

543 1642 924 1710 Sobrietatis
969 1666 1151 1708 amor
1196 1645 1435 1709 multus
1480 1646 1547 1708 in
1594 1643 1749 1708 orbe
1793 1645 1993 1728 uiget.

453 1731 694 1800 Nostra
740 1755 992 1820 quoque
1039 1734 1308 1818 egregia
1353 1735 1483 1798 iam
1530 1743 1823 1820 tempora
1867 1733 2055 1817 uirgo
2103 1732 2353 1796 beauit:

541 1821 971 1910 Aedilthryda
1015 1825 1179 1888 nitet
1225 1830 1446 1887 nostra
1492 1843 1745 1908 quoque
1792 1823 2073 1906 egregia.

455 1910 613 1978 Orta
657 1921 844 1996 patre
891 1913 1147 1995 eximi0,
1194 1911 1401 1994 regali
1449 1919 1514 1974 et
1560 1920 1899 1976 stemmate
1945 1911 2145 1974 clara:

542 1999 837 2065 Nobilior
883 2000 1139 2064 domino
1188 2009 1302 2083 est,
1354 2008 1497 2064 orta
1542 2010 1725 2086 patre
1772 2000 2026 2064 eximi0.

453 2087 744 2175 Percipit
786 2086 936 2154 inde
982 2089 1176 2154 decus
1220 2089 1508 2174 reginae,
1559 2098 1623 2154 et
1668 2098 1925 2175 sceptra
1971 2087 2087 2151 sub
2136 2089 2349 2173 astris,

543 2177 696 2243 Plus
745 2202 934 2265 super
980 2187 1154 2243 astra
1199 2200 1488 2260 manenS,
1534 2180 1814 2265 percipit
1857 2175 2006 2242 inde
2052 2176 2267 2243 decus.

457 2266 625 2349 Quid
671 2268 857 2354 petis,
905 2268 1094 2351 alma,
1143 2268 1375 2351 uirum,
1424 2288 1656 2354 sponso
1702 2269 1833 2332 iam
1878 2266 2095 2332 dedita
2142 2265 2441 2331 summo?

546 2354 833 2443 Sponsus
879 2354 1062 2421 adest
1109 2354 1421 2439 Christus,
1472 2355 1625 2442 quid
1670 2358 1858 2443 petis,
1905 2356 2093 2439 alma,
2145 2356 2399 2420 uirum?

453 2444 661 2529 Regis
707 2454 780 2510 ut
827 2444 1106 2509 aetherei
1151 2455 1428 2510 matrem
1473 2448 1602 2509 iam
1649 2444 1840 2510 credo
1887 2446 2196 2532 sequaris,

545 2534 650 2599 Tu
697 2556 950 2621 quoque
997 2536 1083 2598 sis
1128 2544 1334 2600 mater
1379 2536 1554 2619 regis
1598 2532 2019 2599 ut-aetherei.

455 2620 713 2711 Sponsa
757 2623 974 2688 dicata
1017 2622 1136 2687 deo
1183 2624 1281 2688 bis
1329 2632 1877 2707 sexregnauerat
1922 2624 2125 2704 annis,

545 2711 751 2799 Inque
796 2714 1184 2777 monasterio
1231 2721 1329 2777 est
1376 2734 1610 2799 sponsa
1654 2712 1866 2776 dicata
1910 2710 2082 2776 de0.'

455 2798 622 2865 Tota
664 2812 918 2866 saerata
963 2802 1110 2889 polo
1158 2802 1344 2867 celsis
1393 2802 1505 2865 ubi
1548 2800 1766 2865 floruit
1811 2803 1991 2882 actis,

543 2888 846 2954 Reddidit
890 2899 1079 2976 atque
1125 2891 1408 2955 animam
1453 2898 1590 2954 tota
1635 2898 1887 2954 sacrata
1932 2888 2095 2976 polo.

455 2974 747 3062 Virginis
793 2978 962 3043 alma
1006 3002 1154 3044 caro
1203 2989 1302 3043 est
1354 2980 1671 3043 tumulata
1725 2978 1825 3042 bis
1880 2986 2024 3042 ooto
2070 2976 2503 3059 NouembreS,

544 3066 686 3131 Nec
731 3076 919 3154 putet
962 3069 1030 3132 in
1077 3068 1321 3133 tumulo
1369 3068 1639 3153 uirginis
1684 3066 1855 3131 alma
1901 3088 2067 3132 caro.

451 3152 704 3237 Xriste,
754 3157 850 3220 tui
895 3166 993 3221 est
1039 3158 1272 3243 operis,
1320 3158 1472 3243 quia
1516 3158 1714 3221 uestis
1762 3165 1825 3221 et
1870 3156 2011 3242 ipsa
2058 3154 2400 3241 sepulchro

541 3244 862 3310 Inuiolata
905 3248 1094 3311 nitet:
1145 3244 1420 3329 Christe,
1465 3246 1560 3309 tui
1607 3253 1704 3310 est
1750 3247 1979 3331 operiS.

452 3331 673 3399 Ydros
721 3342 788 3398 et
833 3343 972 3399 ater
1017 3333 1153 3399 abit
1200 3355 1423 3399 sacrae
1467 3355 1587 3421 pro
1635 3335 1831 3398 uestis
1877 3334 2140 3415 honore,

543 3422 760 3488 Morbi
807 3422 1171 3508 diffugiunt,
1217 3420 1413 3509 ydros
1461 3431 1526 3487 et
1572 3431 1713 3487 ater
1758 3422 1913 3487 abit.

451 3511 644 3579 Zelus
689 3514 756 3576 in
802 3511 986 3577 hoste
1032 3513 1206 3595 furit,
1265 3510 1589 3597 quondam
1635 3512 1745 3598 qui
1788 3512 2034 3576 uicerat
2079 3509 2321 3575 Euam:

541 3600 749 3687 Virgo
795 3600 1150 3688 triumphat
1198 3622 1417 3683 ouans,
1466 3602 1640 3665 zelus
1686 3602 1753 3664 in
1798 3598 1982 3665 hoste
2029 3598 2203 3662 furit.

452 3686 718 3774 Aspice,
766 3699 967 3775 nupta
1013 3689 1150 3772 de0,
1201 3711 1366 3774 quae
1412 3691 1495 3753 sit
1538 3688 1662 3753 tibi
1707 3689 1914 3773 gloria
1959 3689 2175 3753 terris:

543 3776 728 3855 Quae
773 3788 1031 3843 maneat
1077 3779 1288 3858 oaeIiS,
1336 3780 1571 3865 aspice,
1618 3787 1822 3864 nupta
1867 3776 2006 3843 deo,
