2723 4326
244 204 315 258 v.
358 206 443 259 19.
2258 206 2381 271 261

245 380 330 445 ad
365 382 589 468 priora
620 378 1025 467 repedantes,
1058 383 1298 466 paucis,
1334 404 1500 467 quae
1521 388 1668 444 sunt
1686 388 1890 465 gesta,
1940 403 2386 465 memoremus,

244 494 399 535 cum
458 478 632 535 esset
691 491 853 555 puer
913 470 1122 534 bonae
1178 468 1436 554 indolis,
1502 480 1696 555 atque
1760 478 2038 534 aetatem
2101 470 2386 534 moribus

242 560 599 642 transiens,
669 559 761 623 ita
808 582 876 623 se
944 559 1233 623 modeste
1301 568 1368 623 et
1432 560 1894 644 circumspecte
1961 560 2028 622 in
2093 559 2384 623 omnibus

248 657 536 733 gereret,
584 655 659 711 ut
704 648 936 711 merito
982 670 1023 712 a
1068 648 1418 712 maioribus
1466 649 1648 734 quasi
1693 669 1856 711 unus
1903 668 1984 710 ex
2014 649 2170 733 ipsis
2217 670 2388 711 ama-

244 746 451 821 retur,
498 746 939 819 ueneraretur,
988 737 1506 823 amplecteretur,
1563 736 1676 801 ubi
1724 744 2022 822 quartum
2069 736 2387 801 decimum

246 828 483 890 aetatis
532 827 804 909 contigit
848 847 1104 909 annum,
1152 828 1572 890 monasticam
1620 825 1932 889 saeculari
1976 826 2177 889 uitam
2200 847 2385 911 prae-

244 915 418 979 tulit.
500 910 693 990 Quod
737 914 849 978 ubi
894 915 1065 1000 patri
1108 936 1223 979 suo
1267 917 1577 996 narrauit,
1626 916 1754 977 iam
1801 915 1972 979 enim
2020 923 2230 979 mater
2277 915 2384 979 ob-

246 1005 447 1084 ierat,
508 1002 788 1067 libenter
836 1004 971 1066 eius
1016 1005 1185 1067 uotis
1230 1026 1307 1067 ac
1354 1001 1684 1069 desideriis
1732 1002 2113 1067 caelestibus
2168 1003 2390 1068 adnuit

248 1114 532 1177 eumque
581 1092 827 1177 coeptis
873 1092 1167 1156 insistere
1212 1092 1597 1157 salutaribus
1625 1092 1827 1156 iussit.
1889 1091 2084 1156 Venit
2117 1114 2272 1177 ergo
2305 1093 2387 1158 ad

248 1180 535 1245 insulam
606 1179 1199 1245 Lindisfarnensem
1255 1181 1476 1266 ibique
1533 1179 1989 1245 monachorum
2053 1182 2389 1245 famulatui

253 1292 326 1333 se
375 1268 761 1333 contradens
806 1269 1149 1353 diligenter
1179 1291 1275 1351 ea,
1326 1292 1493 1356 quae
1537 1270 1931 1335 monasticae
1970 1272 2281 1334 castitatis
2313 1294 2390 1335 ac

248 1360 520 1443 pietatis
553 1366 757 1441 erant,
809 1365 875 1421 et
922 1357 1169 1423 discere
1216 1360 1486 1424 curabat
1531 1368 1598 1424 et
1644 1379 1860 1442 agere.
1924 1357 2012 1421 Et
2043 1360 2193 1444 quia
2223 1362 2389 1423 acris

248 1456 396 1511 erat
439 1447 715 1530 ingenii,
766 1443 986 1510 didicit
1033 1448 1337 1512 citissime
1384 1448 1661 1535 psalmos
1710 1457 1774 1512 et
1819 1448 2062 1533 aliquot
2109 1448 2386 1532 codices3

246 1534 529 1599 necdum
560 1535 820 1621 quidem
850 1544 1160 1619 attonsus,
1209 1558 1438 1601 uerum
1468 1539 1579 1619 eis,
1629 1558 1796 1621 quae
1825 1545 2090 1600 tonsura
2119 1540 2390 1602 maiores

249 1633 423 1705 sunt,
455 1624 824 1708 uirtutibus,
866 1623 1241 1690 humilitatis
1274 1635 1338 1689 et
1371 1625 1794 1707 obedientiae,
1827 1646 1955 1689 non
1985 1623 2391 1691 mediocriter

245 1713 627 1797 insignitus:
693 1722 959 1799 propter
1020 1712 1191 1799 quod
1236 1722 1301 1777 et
1346 1736 1386 1777 a
1432 1713 1790 1778 senioribus
1835 1715 2196 1778 coaetaneis
2260 1717 2391 1778 suis

246 1804 422 1865 iusto
470 1801 803 1866 colebatur
850 1802 1105 1867 affectu.
1168 1801 1249 1867 In
1295 1824 1419 1887 quo
1467 1800 1766 1866 uidelicet
1811 1804 2196 1867 monasterio
2245 1826 2392 1867 cum

247 1890 501 1974 aliquot
560 1912 763 1955 annos
822 1890 945 1956 deo
1004 1893 1308 1975 seruiret,
1377 1889 1828 1955 animaduertit
1884 1890 2198 1977 paulatim
2243 1892 2393 1957 adu-

252 1980 507 2043 lescens
568 1981 764 2043 animi
832 1981 1116 2064 sagacis,
1188 1980 1452 2043 minime
1512 1979 1868 2066 perfectam
1931 2002 2072 2044 esse
2133 1983 2392 2046 uirtutis

248 2069 465 2151 uiam,
534 2090 697 2154 quae
764 2066 1144 2133 tradebatur
1208 2091 1245 2133 a
1310 2066 1586 2153 Scottis,
1651 2070 2110 2155 proposuitque
2181 2072 2393 2135 animo

250 2158 480 2222 uenire
516 2156 811 2243 Romam,
861 2167 928 2223 et
974 2157 1085 2243 qui
1130 2156 1211 2222 ad
1257 2158 1478 2224 sedem
1522 2158 1939 2244 apostolicam
1981 2160 2144 2223 ritus
2193 2160 2396 2226 eccle-

252 2247 502 2310 siastici
534 2248 673 2311 siue
717 2247 1195 2311 monasteriales
1242 2258 1676 2332 seruarentur,
1722 2247 1963 2314 uidere.
2027 2244 2217 2324 Quod
2249 2271 2396 2313 cum

248 2333 569 2399 fratribus
628 2335 929 2418 referret,
992 2335 1419 2400 laudauerunt
1473 2339 1608 2401 eius
1662 2338 2063 2424 propositum
2117 2359 2395 2423 eumque

249 2423 343 2507 id,
395 2422 569 2509 quod
615 2434 831 2489 mente
877 2424 1297 2510 disposuerat,
1347 2423 1662 2511 perficere
1707 2425 2080 2491 suadebant.
2149 2423 2241 2490 At
2286 2427 2396 2492 ille

252 2513 601 2576 confestim
638 2514 905 2577 ueniens
936 2512 1019 2577 ad
1048 2515 1345 2598 reginam
1375 2511 1775 2598 Eanfledam,
1825 2517 1975 2600 quia
2017 2522 2206 2579 notus
2255 2525 2397 2580 erat

252 2601 340 2684 ei,
389 2602 655 2688 eiusque
701 2600 965 2665 consilio
1000 2610 1067 2666 et
1112 2601 1441 2686 suffragiis
1486 2604 1778 2689 praefato
1824 2605 2032 2668 fuerat
2077 2613 2393 2669 monaste·

248 2691 353 2752 rio
400 2691 701 2774 sociatus,
749 2690 1058 2755 indicauit
1103 2692 1163 2754 ei
1208 2689 1596 2756 desiderium
1645 2693 1766 2757 sibi
1809 2693 2015 2757 inesse
2061 2693 2398 2758 beatorum

248 2777 696 2863 apostolorum
752 2778 977 2843 limina
1031 2778 1359 2843 uisitandi:
1424 2802 1588 2865 quae
1647 2779 1964 2846 delectata
2028 2781 2195 2846 bono
2241 2781 2395 2847 adu-

247 2869 559 2932 lescentis
606 2869 937 2953 proposito
993 2869 1168 2932 misit
1216 2890 1365 2933 eum
1411 2867 1710 2933 Cantiam
1754 2869 1838 2934 ad
1882 2891 2106 2954 regem
2151 2871 2394 2936 Ercon-

250 2956 584 3040 berctum,
633 2958 745 3042 qui
790 2964 931 3020 erat
976 2954 1144 3020 filius
1189 2958 1487 3022 auunculi
1532 2960 1659 3042 sui,
1718 2959 2076 3045 postulans,
2132 2971 2204 3024 ut
2251 2983 2399 3025 eum

250 3042 609 3108 honorifice
653 3043 925 3109 Romam
986 3048 1465 3111 transmitteret.
1559 3045 1705 3125 Quo
1766 3056 2059 3135 tempore
2104 3049 2193 3113 ibi
2252 3071 2398 3133 gra-

254 3131 414 3196 dum
447 3133 918 3219 archiepiscopi
941 3132 1287 3217 Honorius,
1320 3157 1485 3199 unus
1517 3158 1599 3200 ex
1630 3134 1954 3222 discipulis
1986 3137 2159 3201 beati
2190 3160 2401 3224 papae

254 3219 600 3306 Gregorii,
663 3223 764 3286 uir
809 3224 876 3286 in
920 3221 1111 3286 rebus
1160 3222 1607 3288 ecclesiasticis
1669 3225 2029 3290 sublimiter
2072 3228 2398 3292 institutus

253 3311 585 3377 seruabat.
650 3310 781 3374 Vbi
814 3332 960 3374 cum
990 3309 1358 3396 aliquandiu
1391 3312 1758 3379 demoratus
1795 3313 2170 3379 adulescens
2202 3317 2403 3380 animi

249 3400 506 3463 uiuacis
554 3397 896 3483 diligenter
941 3399 1060 3477 his,
1110 3421 1275 3485 quae
1318 3403 1722 3487 inspiciebat,
1772 3402 2090 3469 discendis
2138 3427 2401 3491 operam

252 3488 478 3573 daret,
560 3489 932 3573 superuenit
996 3487 1103 3551 illo
1172 3489 1335 3553 alius
1400 3488 1778 3557 adulescens
1843 3494 2099 3558 nomine
2162 3493 2404 3582 Biscop

252 3586 692 3662 cognomento
739 3575 1152 3661 Benedictus,
1203 3576 1283 3642 de
1327 3579 1651 3644 nobilibus
1697 3581 2085 3667 Anglorum,
2136 3584 2402 3670 cupiens

251 3675 322 3732 et
368 3668 513 3752 ipse
560 3665 834 3729 Romam
880 3667 1128 3730 uenire:
1181 3668 1359 3731 cuius
1405 3691 1598 3754 supra
1643 3672 2068 3736 meminimus.

434 3754 653 3819 Huius
700 3776 858 3839 ergo
906 3756 1236 3820 comitatui
1280 3779 1399 3820 rex
1445 3759 1714 3824 sociauit
1758 3759 2102 3826 Vilfridum
2117 3813 2135 3847 ,
2201 3770 2401 3850 utque

246 3843 437 3909 illum
462 3866 685 3907 secum
703 3843 980 3906 Romam
1003 3842 1404 3929 perduceret,
1440 3846 1642 3915 iussit.
1693 3846 1986 3927 Quicum
2005 3849 2397 3936 Lugdunum
