2723 4326
424 148 552 216 156
2173 197 2186 209 .
2337 150 2574 207 111.427.

420 328 515 396 Hi
562 350 717 414 ergo
748 351 894 393 cum
928 337 1146 394 essent
1176 330 1245 393 in
1275 330 1683 412 monasterio,
1733 328 1903 413 quod
1935 328 2158 413 lingua
2187 324 2578 393 Scottorum

420 417 853 505 Rathmelsigi
896 418 1279 506 appellatur,
1329 427 1395 483 et
1440 439 1660 483 omnes
1707 418 1862 481 socii
1907 418 2195 502 ipsorum
2241 416 2350 481 uel
2395 440 2570 482 mor·

418 508 669 573 talitate
714 508 797 573 de
842 507 1097 573 saeculo
1142 508 1317 593 rapti
1363 507 1470 572 uel
1500 529 1616 593 per
1647 507 1774 571 alia
1827 514 2044 573 essent
2073 506 2215 571 loca
2258 504 2561 592 dispersi,

422 598 705 683 correpti
750 606 898 661 sunt
942 596 1137 663 ambo
1184 596 1411 661 morbo
1471 593 1760 661 eiusdem
1820 594 2232 659 mortalitatis
2302 605 2371 659 et
2417 617 2564 679 gra·

418 689 683 751 uissime
726 684 991 769 adflicti3
1062 708 1097 751 6
1144 685 1378 770 quibus
1421 684 1779 771 Ecgberct,
1825 686 1990 749 sicut
2033 683 2192 749 mihi
2234 684 2571 749 referebat

423 774 685 862 quidam
751 776 1202 841 ueracissimus
1266 784 1329 839 et
1391 771 1798 839 uenerandae
1866 774 2130 837 canitiei
2195 772 2566 859 presbyter,

424 867 533 950 qui
564 887 633 929 se
662 863 823 929 haec
853 863 1101 950 abipso
1138 863 1396 928 audisse
1440 862 1848 949 perhibebat,
1895 883 2042 926 cum
2072 884 2142 927 se
2185 863 2566 930 aestimaret

423 976 565 1018 esse
611 955 1014 1037 moriturum,
1066 974 1366 1037 egressus
1412 961 1510 1016 est
1555 961 1851 1038 tempore
1896 952 2209 1016 matutino
2260 950 2343 1015 de
2393 951 2564 1016 cubi-

423 1043 587 1126 culo,
634 1044 701 1107 in
734 1064 860 1128 quo
906 1042 1144 1106 infirmi
1191 1042 1627 1127 quiescebant,
1677 1051 1745 1107 et
1787 1040 2071 1105 residens
2119 1039 2290 1103 solus
2323 1040 2393 1103 in
2422 1040 2564 1104 loco

423 1140 739 1219 oportuno
787 1131 1000 1218 coepit
1044 1128 1304 1195 sedulus
1347 1132 1633 1216 cogitare
1679 1130 1759 1196 de
1804 1130 2052 1195 actibus
2089 1130 2237 1212 suis,
2287 1138 2356 1193 et
2412 1152 2562 1193 con-

423 1229 696 1307 punctus
743 1222 1057 1284 memoria
1101 1214 1511 1305 peccatorum
1559 1242 1818 1284 suorum
1867 1219 2100 1283 faciem
2143 1218 2429 1283 lacrimis
2455 1218 2564 1283 ab·

422 1310 642 1373 luebat
687 1318 878 1393 atque
923 1310 1150 1374 intimo
1197 1331 1278 1373 ex
1308 1306 1504 1374 corde
1550 1307 1738 1373 deum
1785 1308 2190 1395 precabatur,
2237 1329 2320 1371 ne
2351 1306 2565 1377 adhuc

424 1399 591 1461 mori
655 1395 947 1481 deberet,
1027 1398 1404 1484 priusquam
1469 1398 1573 1461 uel
1639 1399 2021 1483 praeteritas
2089 1396 2565 1481 neglegentias,

427 1509 584 1573 quas
630 1488 697 1550 in
742 1487 1019 1573 pueritia
1071 1488 1207 1551 siue
1253 1487 1526 1551 infantia
1585 1488 2021 1567 commiserat,
2083 1485 2430 1573 perfectius
2477 1508 2562 1551 ex

400 1585 715 1663 tempore
761 1577 1111 1660 castigaret
1154 1576 1261 1639 uel
1293 1577 1360 1640 in
1393 1576 1574 1640 bonis
1615 1597 1684 1639 se
1741 1576 2040 1661 operibus
2087 1571 2558 1639 habundantius

427 1673 779 1729 exerceret.
872 1662 1071 1729 Vouit
1140 1667 1336 1730 etiam
1399 1674 1621 1730 uotum
1640 1715 1658 1748 ,
1734 1666 1886 1750 quia
1953 1664 2113 1729 adeo
2175 1665 2560 1749 peregrinus

425 1753 645 1818 uiuere
690 1754 907 1835 uellet,
954 1763 1027 1818 ut
1071 1775 1424 1840 numquam
1469 1756 1534 1818 in
1581 1752 1876 1835 insulam,
1928 1754 1993 1817 in
2033 1773 2160 1839 qua
2207 1762 2397 1817 natus
2443 1763 2560 1833 est,

424 1840 490 1905 id
537 1851 634 1906 est
681 1840 1091 1925 Brittaniam,
1137 1844 1406 1926 rediret3
1456 1844 1608 1928 quia
1651 1852 1911 1928 praeter
1955 1842 2324 1907 sollemnem
2373 1864 2558 1905 canc-

399 1932 552 1997 .nici
612 1934 919 2019 temporis
980 1930 1432 2017 psalmodiam,
1497 1933 1550 1995 si
1597 1954 1723 1996 non
1770 1930 2070 1996 ualetudo
2118 1931 2403 2015 corporis
2449 1930 2562 1995 ob-

426 2020 709 2101 sisteret,
772 2019 1007 2086 cotidie
1066 2022 1442 2107 psalterium
1499 2030 1706 2085 totum
1754 2022 1820 2084 in
1876 2020 2248 2085 memoriam
2308 2019 2563 2084 diuinae

424 2106 631 2174 laudis
678 2107 1078 2195 decantaret3
1146 2119 1211 2176 et
1257 2112 1410 2196 quia
1455 2110 1521 2175 in
1569 2111 1744 2175 omni
1791 2111 2154 2198 septimana
2199 2108 2368 2175 diem
2413 2131 2558 2174 cum

400 2208 615 2270 ,nocte
661 2201 911 2288 ieiunus
957 2200 1281 2264 transiret.
1347 2198 1640 2286 Cumque
1685 2198 1884 2264 finitis
1915 2201 2215 2281 lacrimis,
2264 2198 2564 2284 precibus

427 2296 494 2352 et
538 2289 711 2352 uotis
756 2287 1017 2353 domum
1060 2289 1322 2372 rediret,
1371 2290 1620 2354 inuenit
1667 2289 1951 2354 sodalem
1997 2287 2448 2352 dormientem:
2499 2299 2561 2352 et

412 2379 565 2462 ,ipse
596 2398 851 2464 quoque
881 2378 1191 2442 lectulum
1230 2376 1660 2442 conscendens
1707 2380 1919 2464 coepit
1949 2380 2016 2443 in
2045 2378 2328 2464 quietem
2359 2399 2554 2442 mem·

426 2466 545 2530 bra
598 2467 838 2532 laxare.
932 2465 1021 2530 Et
1066 2489 1213 2532 cum
1258 2467 1588 2553 paululum
1635 2468 2012 2553 quiesceret,
2063 2465 2562 2551 expergefactus

428 2553 662 2619 sodalis
706 2558 993 2641 respexit
1041 2578 1186 2620 eum
1235 2565 1300 2621 et
1345 2558 1464 2620 ait:
1515 2554 1598 2622 ‘O
1645 2557 1847 2620 frater
1890 2556 2275 2640 Ecgbercte,
2323 2577 2360 2618 0
2407 2555 2558 2641 quid

414 2643 681 2707 fecisti?
774 2641 1163 2730 Sperabam,
1232 2646 1384 2731 quia
1429 2647 1670 2730 pariter
1715 2643 1796 2709 ad
1842 2645 2062 2711 uitam·
2091 2653 2419 2709 aeternam
2463 2646 2555 2708 in—

426 2741 763 2796 traremus.
826 2733 1291 2799 Verumtamen
1338 2735 1499 2798 scito
1510 2783 1527 2814 ,
1587 2735 1763 2819 (11116,
1822 2755 1987 2820 (11166
2032 2733 2404 2820 postulasti,
2455 2755 2558 2799 ac-

428 2820 667 2904 cipies?
731 2820 1068 2886 Didicerat
1112 2824 1281 2886 enim
1329 2844 1448 2908 per
1471 2823 1782 2887 uisionem
1816 2833 1900 2906 et,
1950 2821 2103 2908 quid
2133 2820 2242 2887 ille
2273 2823 2558 2909 petisset,

428 2917 520 2992 et,
572 2909 723 2993 quia
765 2911 971 2995 petita
1014 2912 1420 2995 inpetrasset.
1517 2909 1687 2988 Quid
1743 2911 1991 2976 multa?
2081 2910 2234 2997 Ipse
2279 2909 2554 2976 Edilhun

426 2999 725 3083 proxima
770 3008 961 3064 nocte
1006 2999 1341 3064 defunctus
1391 3009 1515 3066 est:
1575 3009 1644 3064 at
1686 3022 1842 3066 uero
1888 3000 2256 3086 Ecgberect
2291 2999 2560 3065 decussa

411 3087 723 3156 ‚molestia
767 3088 1190 3172 aegritudinis
1238 3090 1581 3173 conualuit,
1629 3111 1705 3154 ac
1753 3090 1952 3154 multo
2000 3098 2228 3175 postea
2271 3099 2556 3176 tempore

424 3176 647 3240 uiuens
692 3187 1157 3264 acceptumque
1214 3176 1548 3244 sacerdotii
1605 3176 1878 3264 gradum
1935 3179 2270 3264 condignis
2328 3201 2557 3242 ornans

425 3266 704 3346 actibus,
767 3275 913 3352 post
959 3267 1163 3330 multa
1207 3268 1520 3331 uirtutum
1565 3267 1763 3352 bona,
1826 3278 1898 3332 ut
1945 3270 2084 3354 ipse
2131 3265 2551 3350 desiderabat,

424 3375 649 3440 nuper,
682 3354 748 3418 id
786 3364 883 3419 est
914 3377 1081 3420 auno
1115 3353 1468 3420 dominicae
1501 3358 1959 3421 incarnationis
1990 3355 2553 3439 DCOXXVIIIP,

428 3463 569 3506 cum
621 3453 790 3507 esset
820 3445 961 3529 ipse
1008 3466 1319 3509 annorum
1352 3443 1501 3528 XC,
1547 3446 1857 3528 migrauit
1887 3445 1970 3510 ad
2001 3467 2204 3530 regna
2237 3447 2552 3510 caelestia.

426 3528 633 3594 Duxit
678 3541 894 3596 autem
940 3534 1142 3597 uitam
1188 3533 1252 3597 in
1298 3555 1540 3618 magna
1583 3534 1984 3618 humilitatis,
2033 3533 2550 3619 mansuetudinis,

428 3621 883 3704 continentiae,
950 3621 1382 3706 simplicitatis
1429 3634 1493 3687 et
1537 3623 1819 3689 iustitiae
1865 3623 2276 3710 perfectione.
2369 3622 2553 3689 Vnde

412 3714 495 3772 ⁴et
542 3709 719 3788 genti
765 3731 918 3773 suae
950 3717 1013 3773 61
1042 3710 1186 3792 illis,
1234 3712 1300 3774 in
1331 3713 1562 3797 quibus
1610 3712 1932 3796 exulabat,
1983 3713 2346 3778 nationibus
2377 3711 2551 3780 Scot-

416 3805 639 3861 torum
694 3797 830 3859 siue
876 3795 1235 3884 Pictorum,
1298 3801 1590 3886 exemplo
1652 3802 1913 3866 uiuendi
1970 3811 2034 3866 61
2088 3803 2392 3866 instantia
2445 3800 2548 3866 do·

2173 3922 2229 4017 Ι
