2723 4326
405 157 534 218 218
730 199 735 206 -
2289 154 2415 205 1111.
2453 154 2553 207 27.

407 342 478 399 ut
522 331 730 398 nullus
776 331 1210 418 praesentium
1256 332 1539 397 latebras
1585 333 1645 395 ei
1693 332 1791 395 sui
1837 328 2047 396 cordis
2094 331 2307 396 celare
2354 354 2430 417 pl
2434 353 2551 396 ae-

407 430 717 504 sumeret;
783 443 1002 485 omnes
1038 418 1276 524 palam,
1337 443 1502 506 quae
1560 430 1922 506 gesserant,
1990 417 2348 485 confitendo
2395 443 2549 506 pro-

407 511 672 593 ferrent,
721 511 870 596 quia
914 510 1218 574 nimirum
1249 509 1412 575 haec
1444 508 1671 575 eadem
1702 510 1881 574 illum
1911 509 2114 573 latere
2142 507 2317 572 nullo
2350 508 2549 573 modo

407 599 748 686 putabant3
799 608 866 663 et
911 598 1205 663 confessa
1250 597 1493 685 dignis,
1550 608 1622 663 ut
1666 598 2054 684 imperabat,
2109 599 2551 683 paenitentiae

407 688 723 753 fructibus
777 688 1247 773 abstergerent.
1343 685 1610 754 Solebat
1664 697 1883 752 autem
1932 709 2009 751 ea
2044 687 2346 752 maxime
2398 687 2553 752 loca

406 799 774 865 peragrare,
822 777 948 841 illis
995 775 1373 864 praedicare
1418 779 1487 841 in
1531 777 1778 861 uiculis,
1827 778 1937 862 qui
1984 778 2049 840 in
2095 775 2312 858 arduis
2360 799 2549 863 aspe-

407 868 622 952 risque
671 866 996 931 montibus
1041 867 1264 952 procul
1308 868 1505 969 positi
1536 865 1678 930 aliis
1724 827 1973 929 h'orrori
2006 875 2190 930 erant
2219 863 2302 928 ad
2333 866 2547 930 uisen-

410 954 590 1039 dum,
649 964 714 1019 et
766 964 1148 1043 paupertate
1246 957 1447 1020 ariter
1500 978 1577 1020 ac
1636 955 1995 1019 rusticitate
2050 977 2166 1019 sua
2211 952 2552 1019 doctorum

409 1044 715 1110 arcebant
760 1067 1107 1111 accessum.
1252 1067 1366 1110 uos
1412 1055 1631 1110 tamen
1675 1044 1786 1108 ille
1831 1045 1938 1129 pio
1984 1044 2259 1109 libenter
2304 1048 2549 1109 manci-

409 1144 598 1220 patus
645 1132 849 1199 labori
895 1143 1077 1198 tanta
1123 1131 1454 1198 doctrinae
1500 1133 1777 1198 sollertis
1824 1133 2165 1198 excolebat
2210 1132 2548 1216 industria,

409 1233 481 1288 ut
527 1223 606 1288 de
653 1224 1043 1287 monasterio
1092 1244 1393 1306 egressus
1438 1244 1630 1308 saepe
1678 1219 2035 1287 ebdomade
2080 1223 2364 1306 integra,
2436 1222 2552 1286 ali-

411 1312 667 1398 quando
735 1309 982 1375 duabus
1046 1310 1152 1376 uel
1214 1310 1454 1393 tribus,
1520 1332 1996 1397 nonnumquam
2064 1313 2261 1376 etiam
2326 1333 2554 1376 mense

412 1399 601 1487 pleno
623 1399 883 1464 domum
899 1421 1027 1464 non
1045 1397 1317 1484 rediret3
1331 1398 1445 1464 sed
1466 1399 1868 1466 demoratus
1850 1423 1915 1464 ιιι
1932 1401 2275 1483 montanis,
2289 1399 2553 1486 plebem

411 1491 716 1554 rusticam
771 1489 970 1553 uerbo
1027 1487 1521 1575 praedicationis
1576 1489 1765 1554 simul
1812 1498 1876 1553 et
1923 1511 2118 1577 opere
2164 1490 2421 1554 uirtutis
2469 1489 2553 1553 ad

410 1578 712 1643 caelestia
754 1587 1033 1642 uocaret.

589 1663 752 1731 Cum
821 1689 978 1751 ergo
1056 1668 1443 1733 uenerabilis
1520 1665 1759 1730 domini
1837 1666 2115 1733 famulus
2184 1667 2421 1731 multos
2487 1669 2554 1731 in

411 1755 830 1821 Mailronensi
893 1757 1278 1821 monasterio
1345 1754 1590 1840 degens
1653 1777 1853 1819 annos
1920 1756 2174 1839 magnis
2237 1757 2555 1820 uirtutum

414 1846 615 1929 siguis
685 1845 1038 1929 efulgeret,
1117 1845 1446 1910 transtulit
1512 1867 1657 1909 eum
1721 1847 2281 1910 reuerentissimus
2350 1844 2553 1909 abbas

412 1934 612 2020 ipsius
658 1933 824 1998 Eata
871 1932 953 1997 ad
997 1934 1272 2000 insulam
1320 1932 1973 2017 Lindisfarnensium,
2040 1943 2112 1997 ut
2155 1933 2247 1998 ibi
2295 1956 2553 2019 quoque

413 2023 720 2087 fratribus
781 2022 1137 2088 custodiam
1201 2022 1577 2109 disciplinae
1652 2022 1969 2107 regularis
2038 2032 2103 2086 et
2170 2024 2555 2088 auctoritate

415 2113 726 2199 propositi
791 2113 1119 2179 intimaret
1189 2122 1254 2178 et
1316 2113 1581 2200 propria
1656 2113 1909 2179 actione
1984 2122 2550 2200 praemonstraret

415 2202 590 2267 Nam
635 2212 699 2267 et
756 2203 968 2289 ipsum
1027 2204 1243 2266 locum
1301 2213 1456 2267 tunc
1514 2200 1688 2267 idem
1746 2203 2305 2267 reuerentissimus
2368 2212 2557 2288 pater

414 2292 669 2357 abbatis
716 2291 854 2355 iure
901 2291 1192 2377 regebat.
1259 2286 1596 2376 Siquidem
1640 2314 1683 2355 a
1726 2291 2124 2378 temporibus
2171 2290 2411 2357 ibidem
2442 2314 2557 2356 an-

417 2382 612 2465 tiquis
659 2389 724 2444 et
768 2380 1106 2466 episcopus
1167 2402 1312 2443 cum
1375 2380 1547 2445 clero
1594 2389 1659 2444 et
1723 2380 1923 2445 abbas
1986 2380 2232 2446 solebat
2291 2402 2556 2445 manere

415 2491 564 2534 cum
608 2468 968 2552 monachis3
1019 2468 1130 2555 qui
1177 2478 1400 2534 tamen
1446 2479 1510 2534 et
1557 2470 1681 2555 ipsi
1725 2468 1809 2533 ad
1857 2491 2078 2533 curam
2125 2470 2412 2557 episcopi
2458 2470 2555 2533 fa·

414 2559 752 2623 miliariter
797 2559 1213 2643 pertinerent.
1308 2556 1477 2635 Quia
1522 2558 1827 2622 nimirum
1871 2556 2107 2642 Aidan,
2156 2559 2265 2643 qui
2310 2560 2557 2645 primus

416 2649 553 2711 cius
599 2646 723 2711 loci
772 2648 1108 2733 episcopus
1156 2646 1297 2729 fuit,
1357 2668 1502 2711 cum
1549 2646 1881 2710 monachis
1928 2647 2077 2712 illuc
2126 2657 2191 2712 et
2238 2649 2377 2733 ipse
2422 2669 2558 2711 mo-

414 2735 655 2800 nachus
722 2734 1070 2800 adueniens
1125 2735 1566 2800 monachicam
1611 2736 1679 2800 in
1725 2758 1801 2800 eo
1862 2737 2412 2802 conuersationem
2455 2737 2555 2799 in-

417 2825 655 2888 stituit:
727 2822 1044 2910 quomodo
1111 2834 1176 2889 et
1239 2827 1420 2910 prius
1489 2824 1716 2889 beatus
1785 2834 1974 2911 pater
2019 2821 2423 2911 Augustinus
2488 2828 2559 2889 in

419 2912 650 2977 Cantia
697 2911 926 2978 fecisse
971 2915 1290 2995 noscitur,
1339 2912 1660 2977 scribente
1709 2915 1769 2978 ei
1813 2915 2340 2979 reuerentissimo
2387 2934 2559 3000 papa

419 3000 770 3086 Gregorio,
836 3000 1006 3088 quod
1055 3012 1117 3067 et
1162 3023 1357 3087 supra
1401 3004 1751 3088 posuimus.
1848 3000 2002 3068 ‘Sed
2057 3004 2207 3088 quia
2263 3014 2373 3067 tua
2429 3002 2560 3068 fra-

417 3090 702 3155 ternitas'
751 3092 959 3176 inquit
1019 3091 1415 3156 ‘monasterii
1469 3090 1710 3175 regulis
1768 3090 2019 3157 erudita
2074 3114 2360 3157 seorsum
2416 3090 2559 3156 fieri

417 3202 546 3245 non
607 3178 802 3245 debet
847 3202 886 3243 a
934 3179 1182 3244 clericis
1243 3179 1402 3261 suis,
1469 3181 1537 3243 in
1596 3179 1870 3245 ecclesia
1925 3178 2320 3266 Anglorum,
2392 3203 2559 3266 quae

418 3291 624 3357 nuper
689 3278 951 3333 auctore
999 3268 1118 3333 deo
1177 3268 1262 3332 ad
1319 3266 1515 3333 fidem
1579 3268 1894 3355 perducta
1941 3279 2069 3355 est,
2136 3270 2302 3334 hanc
2368 3268 2559 3335 debet

421 3358 977 3423 conuersationem
1021 3358 1389 3460 instituere,
1440 3380 1606 3443 quae
1649 3359 1831 3423 initio
1877 3359 2199 3424 nascentis
2246 3358 2557 3425 ecclesiae

421 3447 544 3511 fuit
589 3446 880 3532 patribus
927 3448 1190 3531 nostris3
1239 3448 1306 3510 in
1337 3447 1569 3532 quibus
1600 3446 1810 3512 nullus
1857 3469 2078 3512 eorum
2113 3471 2196 3513 ex
2226 3448 2345 3533 his,
2396 3470 2559 3533 quae

421 3534 854 3621 possidebant,
921 3533 1162 3621 aliquid
1222 3559 1410 3601 suum
1468 3558 1608 3601 esse
1673 3534 1961 3621 dicebat,
2034 3536 2147 3602 sed
2212 3546 2395 3602 erant
2433 3535 2557 3602 illis

427 3625 641 3688 omnia
687 3626 1092 3689 communia]
