2723 4326
393 196 521 259 180
1188 154 1195 159 ’
2309 194 2439 246 1111.
2475 195 2536 248 9.

386 369 656 435 ceritate
700 366 821 433 deo
868 371 1111 433 seruire
1158 368 1519 453 satagebat,
1567 378 1633 433 et
1677 368 1964 433 adiutrix
2009 368 2383 457 disciplinae
2429 392 2536 435 re·

388 459 633 543 gularis
679 456 891 523 eidem
932 460 1129 522 matri
1172 460 1478 534 existere,
1523 459 1806 523 minores
1849 457 2138 523 docendo
2184 458 2291 524 uel
2336 461 2536 523 casti-

388 547 603 631 gando
658 546 945 612 curabat.
1038 546 1239 612 Cuius
1281 556 1355 611 ut
1413 549 1618 611 uirtus
1675 550 1858 612 iuxta
1909 546 2270 651 apostolum
2317 550 2384 611 in
2433 549 2535 612 in-

388 634 693 701 firmitate
752 634 1200 723 perficeretur,
1261 644 1440 700 tacta
1484 645 1585 701 est
1628 646 1894 723 repente
1953 637 2342 723 grauissimo
2387 659 2534 701 cor-

387 728 563 813 poris
612 726 879 829 omorb0,
940 734 1004 789 et
1048 748 1168 812 per
1212 747 1415 789 annos
1458 723 1668 789 VIIII
1709 726 1820 811 pia
1875 724 2261 791 redemtoris
2323 728 2538 790 nostri

388 815 753 902 prouisione
798 814 1073 878 multum
1117 814 1422 899 fatigata.
1483 813 1782 879 uidelicet
1829 823 1928 896 ut,
1985 813 2290 901 quicquid
2335 815 2404 878 in
2453 837 2536 879 ea

386 905 533 968 uitii
561 900 943 967 sordidantis
972 905 1144 968 inter
1172 905 1445 967 uirtutes
1475 925 1592 988 per
1621 905 2054 987 ignorantiam
2083 904 2229 969 uel
2210 904 2532 968 incuriam

388 991 759 1077 resedisset,
824 1001 1035 1056 totum
1078 991 1200 1057 hoc
1258 993 1548 1056 caminus
1609 990 1894 1057 diutinae
1935 992 2367 1057 tribulationis
2416 1014 2530 1057 ex-

390 1091 711 1168 coqueret.
772 1079 957 1146 Haec
986 1102 1145 1165 ergo
1175 1079 1452 1166 quadam
1497 1091 1687 1145 nocte
1731 1082 2081 1167 incipiente
2127 1082 2530 1168 crepusculo,

391 1193 657 1257 egressa
700 1167 779 1235 de
825 1170 1138 1254 cubiculo,
1187 1191 1315 1255 quo
1357 1170 1683 1251 manebat,
1737 1169 1902 1234 uidit
1946 1171 2292 1236 manifeste
2340 1172 2534 1257 quasi

392 1282 626 1345 corpus
653 1259 950 1342 hominis,
1000 1258 1173 1345 quod
1201 1267 1373 1323 esset
1403 1259 1536 1323 sole
1567 1219 1820 1343 cla'rius,
1867 1258 2136 1323 sindone
2167 1259 2534 1323 inuolutum

390 1351 459 1413 in
494 1346 767 1413 sublime
812 1343 987 1431 ferri,
1036 1348 1275 1411 elatum
1320 1347 1622 1412 uidelicet
1651 1348 1732 1412 de
1761 1347 1972 1429 domo,
2018 1350 2087 1411 in
2118 1370 2246 1435 qua
2275 1370 2536 1413 sorores

392 1458 665 1524 pausare
732 1435 1041 1501 solebant.
1135 1434 1430 1522 Cumque
1497 1434 1871 1520 diligentius
1934 1439 2322 1515 intueretur,
2399 1460 2533 1523 quo

392 1525 687 1591 trahente
751 1525 1081 1591 leuaretur
1139 1547 1393 1590 sursum
1451 1524 1613 1589 haec
1623 1576 1644 1608 ,
1710 1543 1904 1611 quam
1967 1526 2533 1630 contemplabatur

394 1616 643 1701 species
689 1616 975 1701 corporis
1018 1614 1309 1697 gloriosi,
1371 1613 1562 1698 uidit,
1621 1614 1796 1700 quod
1839 1617 2022 1700 quasi
2067 1615 2326 1680 funibus
2369 1638 2533 1679 auro

394 1704 772 1769 clarioribus
817 1706 886 1767 in
930 1725 1205 1790 superna
1248 1704 1610 1787 tolleretur,
1666 1701 1869 1768 donec
1915 1704 2112 1769 caelis
2157 1705 2532 1791 patentibus

392 1791 759 1859 introducta
800 1792 1074 1879 amplius
1104 1793 1189 1857 ab
1220 1793 1331 1857 illa
1377 1791 1583 1857 uideri
1623 1814 1750 1857 non
1795 1795 2025 1878 potuit.
2087 1792 2230 1857 Nec
2261 1791 2534 1858 dubium

392 1884 700 1947 remansit
758 1883 1069 1965 cogitanti
1125 1879 1205 1945 de
1265 1882 1540 1964 uisione,
1606 1883 1762 1967 quin
1817 1882 2047 1968 aliquis
2093 1882 2175 1948 de
2219 1884 2331 1948 illa
2375 1903 2532 1947 con—

397 1973 778 2057 gregatione
825 1972 1012 2035 citius
1057 1979 1229 2035 esset
1271 1972 1641 2054 moriturus,
1689 1971 1870 2035 cuius
1914 1973 2133 2037 anima
2175 1994 2293 2057 per
2334 1972 2528 2054 bona,

396 2082 565 2147 quae
608 2060 889 2144 fecisset,
938 2081 1138 2146 opera
1182 2060 1367 2145 quasi
1384 2081 1515 2162 ‘per
1546 2058 1731 2125 funes
1761 2082 1992 2125 aureos
2044 2059 2319 2126 leuanda
2357 2070 2533 2125 esset

395 2150 480 2216 ad
532 2149 771 2216 caelos.
835 2147 1005 2236 quod
1062 2171 1135 2214 re
1178 2171 1337 2214 uera
1380 2149 1472 2213 ita
1533 2150 1826 2234 contigit.
1918 2148 2094 2214 Nam
2137 2172 2268 2215 non
2309 2148 2532 2215 multis

393 2239 791 2326 interpositis
822 2239 1067 2342 diebus,
1102 2237 1226 2304 deo
1256 2237 1491 2303 dilecta
1521 2247 1728 2302 mater
1759 2241 2278 2324 congregationis
2307 2240 2532 2326 ipsius,

395 2329 723 2414 ergastulo
784 2329 995 2392 carnis
1054 2325 1285 2392 educta
1344 2336 1472 2410 est3
1534 2329 1714 2392 cuius
1771 2328 1968 2392 talem
2023 2328 2224 2393 fuisse
2284 2336 2538 2392 constat

395 2419 617 2500 uitam,
664 2426 738 2481 ut
780 2437 992 2498 neme,
1050 2419 1160 2502 qui
1206 2438 1347 2480 eam
1395 2418 1670 2501 nouerit,
1728 2416 2024 2482 dubitare
2067 2415 2320 2522 debeat,
2376 2419 2535 2502 quin

397 2509 459 2572 ei
490 2507 755 2572 exeunti
785 2503 865 2569 de
895 2504 1017 2570 hac
1046 2507 1183 2570 uita
1224 2505 1518 2570 caelestis
1562 2507 1814 2592 patriae
1859 2507 2138 2592 patuerit
2181 2509 2532 2592 ingressae.

573 2594 657 2660 In
702 2594 930 2661 eodem
976 2616 1102 2680 quo
1145 2617 1228 2659 ue
1282 2597 1674 2659 monasterio
1734 2593 2049 2682 quaedam
2107 2605 2249 2661 erat
2292 2595 2535 2660 femina

398 2683 900 2749 sanctimonialis
947 2692 1013 2748 et
1056 2617 1147 2748 adl
1197 2682 1438 2748 saeculi
1497 2683 1684 2748 huius
1742 2684 2131 2768 dignitatem
2187 2684 2420 2749 nobilis
2469 2694 2536 2749 et

398 2775 469 2837 in
527 2794 747 2838 amore
811 2773 1010 2836 futuri
1078 2772 1317 2838 saeculi
1379 2772 1681 2837 nobilior.
1754 2794 1920 2858 quae
1977 2775 2070 2838 ita
2128 2773 2347 2839 multis
2403 2775 2535 2837 iam

399 2863 583 2927 annis
628 2863 803 2926 omni
848 2862 1132 2948 corporis
1177 2861 1390 2927 fuerat
1435 2861 1645 2926 officio
1690 2859 2027 2945 destituta,
2091 2872 2166 2927 ut
2209 2885 2293 2928 ne
2335 2885 2535 2926 unum

401 2948 659 3037 quidem
707 2971 969 3015 mouere
1011 2951 1157 3036 ipsa
1197 2951 1562 3015 membrum
1604 2951 1867 3016 ualeret.
1930 2948 2114 3017 Haec
2144 2951 2258 3016 ubi
2303 2973 2534 3038 corpus

400 3039 767 3105 abbatissae
810 3041 1199 3104 uenerabilis
1244 3041 1313 3103 in
1358 3040 1699 3104 ecclesiam
1744 3038 2046 3125 delatum,
2093 3040 2303 3105 donec
2323 3041 2533 3126 sepul-

397 3139 584 3196 turae
637 3129 926 3212 daretur,
994 3130 1321 3214 cognouit,
1389 3129 1740 3215 postulauit
1785 3152 1854 3195 se
1907 3129 2016 3194 illo
2073 3128 2314 3194 adferri
2359 3140 2423 3193 et
2469 3131 2537 3194 in

396 3218 664 3285 modum
723 3219 1043 3283 orantium
1102 3216 1187 3283 ad
1243 3217 1402 3282 illud
1460 3216 1787 3283 adclinari.
1881 3216 2073 3296 Quod
2117 3219 2273 3284 dum
2327 3217 2534 3304 fieret,

400 3311 587 3395 quasi
630 3310 963 3374 uiuentem
1008 3306 1325 3390 adlocuta,
1374 3309 1650 3392 rogauit,
1700 3317 1772 3372 ut
1815 3307 1988 3394 apud
2030 3307 2537 3372 misericordiam

398 3398 494 3484 pii
538 3397 885 3463 conditoris
931 3398 1307 3483 impetraret
1354 3418 1425 3461 se
1456 3419 1497 3461 a
1540 3397 1737 3461 tantis
1783 3406 2044 3482 tamque
2091 3394 2354 3461 diutinis
2399 3419 2536 3462 cru-

401 3487 675 3552 ciatibus
732 3485 1000 3551 absolui.
1092 3484 1237 3550 Nec
1279 3486 1484 3551 multo
1529 3484 1776 3551 tardius
1835 3483 2139 3551 exaudita
2195 3495 2323 3550 est.
2387 3507 2538 3550 nam

401 3585 547 3662 post
600 3575 736 3640 dies
796 3573 1134 3642 duodecim
1182 3583 1247 3640 et
1290 3576 1434 3662 ipsa
1489 3573 1721 3640 educta
1775 3597 1858 3640 ex
1912 3597 2105 3640 carne
2150 3576 2537 3662 temporales

402 3662 804 3730 adflictiones
849 3673 1114 3730 aeterna
1158 3663 1444 3730 mercide
1489 3665 1782 3729 mutauit.

584 3749 749 3817 Cum
815 3775 970 3819 uero
1035 3754 1330 3840 praefata
1392 3753 1636 3819 Christi
1699 3754 1940 3818 famula
2005 3750 2346 3838 Torctgyd
2407 3762 2538 3819 tres

404 3836 618 3902 adhuc
662 3863 860 3904 annos
905 3851 1050 3928 post
1096 3842 1341 3907 obitum
1389 3841 1686 3908 dominae
1732 3844 1799 3907 in
1839 3843 1961 3907 hac
2005 3843 2144 3908 uita
2187 3851 2538 3926 teneretur,
