2723 4326
193 218 316 270 1111.
359 219 443 272 14.
2200 219 2327 284 189

1682 312 1711 345 l

194 396 305 480 qui
337 392 562 458 eadem
595 401 806 459 tactus
853 394 1244 478 infirmitate,
1293 416 1421 460 non
1450 417 1656 481 pauco
1686 405 1980 482 tempore
2012 395 2328 461 recubans

192 486 260 547 in
304 482 540 547 lectulo
585 482 858 548 iacebat.
952 483 1116 549 Cum
1163 505 1318 567 ergo
1368 484 1650 549 secunda
1706 485 2049 549 memorati
2107 485 2329 549 ieiunii

193 594 271 636 ac
341 571 876 658 supplicationum
947 572 1083 639 dies
1144 581 1477 657 ageretur,
1547 574 1817 659 contigit
1880 578 2050 638 forte
2115 574 2327 659 ipsum

193 682 466 747 puerum
509 659 670 725 hora
712 661 917 725 ferme
964 661 1245 728 secunda
1290 660 1417 726 diei
1462 664 1528 726 in
1573 662 1749 746 loco,
1813 663 1883 728 in
1943 683 2084 747 quo·
2128 683 2325 745 aeger

192 749 466 831 iacebat,
533 749 740 814 solum
806 751 1110 816 inueniri:
1177 752 1280 815 cui
1350 749 1569 815 diuina
1634 752 2048 840 dispositione
2112 752 2323 815 subito

193 839 547 902 beatissimi
605 838 1037 926 apostolorum
1097 841 1420 926 principes
1484 838 1731 924 dignati
1784 850 1934 904 sunt
1990 861 2322 927 apparere.

191 926 356 991 Erat
419 929 591 992 enim
652 950 813 1013 puer
874 928 1149 992 multum
1211 929 1519 1016 simplicis
1587 951 1665 994 ac
1728 932 2044 994 mansueti
2106 931 2323 1012 animi,

192 1019 570 1101 sinceraque
628 1016 969 1081 deuotione
1015 1028 1419 1082 sacramenta
1462 1015 1641 1102 fidei,
1708 1041 1874 1103 quae
1932 1027 2323 1105 susceperat,

193 1127 476 1169 seruans.
570 1103 938 1172 Salutantes
983 1128 1140 1191 ergo
1187 1107 1368 1170 illum
1424 1106 1639 1171 uerbis
1692 1108 1997 1194 piissimis
2054 1107 2327 1193 apostoli

194 1192 520 1259 dicebant:
572 1194 738 1259 ‘Noli
783 1195 1030 1278 timere,
1077 1193 1190 1280 fili,
1235 1203 1529 1279 mortem,
1578 1218 1696 1282 pro
1729 1218 1856 1282 qua
1886 1196 2193 1262 sollicitus
2224 1217 2321 1260 es:

191 1304 310 1347 nos
358 1285 531 1347 enim
576 1293 643 1348 te
689 1281 996 1348 hodierna
1041 1282 1144 1348 die
1191 1282 1273 1347 ad
1319 1283 1623 1349 caelestia
1669 1307 1887 1350 sumus
1933 1306 2139 1369 regna
2181 1306 2323 1370 per·

193 1370 468 1440 ducturi.
561 1370 692 1438 Sed
751 1374 1030 1458 primum
1092 1383 1469 1460 exspectare
1525 1372 1756 1457 habes,
1822 1373 2024 1439 donec
2091 1375 2325 1438 missae

193 1460 617 1544 celebrentur,
667 1484 742 1525 ac
787 1462 1022 1525 uiatico
1069 1459 1371 1527 dominici
1418 1464 1701 1550 corporis
1748 1486 1825 1528 ac
1870 1463 2199 1548 sanguinis
2224 1485 2324 1526 ac·

192 1559 402 1636 cept0,
451 1551 542 1614 sic
587 1549 962 1614 infirmitate
991 1551 1180 1614 simul
1213 1561 1278 1616 et
1306 1561 1514 1615 morte
1558 1551 1887 1618 absolutus
1930 1552 2016 1618 ad
2061 1560 2325 1616 aeterna

189 1640 257 1701 in
303 1639 494 1703 caelis
541 1637 780 1723 gaudia
825 1638 1198 1705 subleueris.
1277 1638 1503 1705 Clama
1550 1663 1707 1725 ergo
1753 1640 1837 1705 ad
1880 1650 1946 1705 te
1992 1639 2324 1726 presbyte-

190 1749 336 1792 rum
365 1727 660 1813 Eappan‚
711 1736 775 1792 et
805 1728 1000 1792 dicito
1029 1727 1140 1812 illi,
1189 1731 1342 1814 quia
1388 1726 1680 1793 dominus
1728 1729 2055 1795 exaudiuit
2099 1750 2325 1814 preces

191 1825 444 1881 uestras
489 1826 554 1880 et
599 1816 1007 1882 deuotionem
1037 1840 1114 1882 ac
1144 1818 1384 1882 ieiunia
1426 1819 1741 1904 propitius
1788 1820 2068 1904 aspexit:
2111 1839 2323 1902 neque

191 1905 421 1991 aliquis
468 1903 548 1970 de
591 1905 714 1970 hoc
773 1907 1164 1971 monasterio
1225 1908 1364 1970 siue
1426 1906 1865 1972 adiacentibus
1912 1908 1972 1970 ei
2015 1907 2319 1992 possessi-

193 1994 440 2058 unculis
488 1992 608 2058 hac
657 1992 836 2059 clade
883 1994 1052 2060 ultra
1114 1997 1464 2059 moriturus
1526 2004 1654 2079 est3
1720 1995 1833 2060 sed
1892 2017 2113 2059 omnes
2129 2046 2146 2080 ,
2214 1997 2323 2080 qui

192 2083 431 2148 alicubi
476 2080 554 2146 de
598 2085 831 2148 uestris
876 2083 996 2148 hac
1042 2083 1451 2169 aegritudine
1514 2084 1834 2169 laborant,
1902 2086 2323 2149 resurrecturi

191 2195 232 2237 a
276 2172 615 2257 languore,
679 2174 951 2260 pristina
995 2183 1144 2238 sunt
1187 2176 1494 2260 sospitate
1538 2173 1995 2260 recuperandi,
2061 2183 2326 2261 praeter

192 2271 258 2326 te
304 2262 530 2345 solum,
580 2264 690 2347 qui
735 2260 1042 2329 hodierna
1087 2284 1158 2327 es
1206 2262 1308 2328 die
1353 2261 1721 2329 liberandus
1768 2286 1808 2329 a
1853 2272 2081 2346 morte,
2131 2271 2197 2327 et
2240 2260 2324 2327 ad

193 2351 507 2415 uisionem
539 2350 780 2417 domini
812 2348 1072 2433 Christi,
1119 2352 1224 2417 cui
1253 2350 1529 2417 fideliter
1560 2353 1834 2437 seruisti,
1882 2349 2324 2439 perducendus

191 2441 256 2505 in
305 2440 581 2505 caelum:
644 2440 813 2525 quod
871 2440 1090 2505 diuina
1142 2440 1326 2505 uobis
1375 2440 1816 2507 misericordia
1858 2463 1976 2527 per
2020 2442 2323 2505 interces-

191 2530 438 2593 sionem
481 2529 767 2613 religiosi
813 2551 891 2593 ac
936 2530 1054 2595 deo
1101 2528 1322 2595 dilecti
1374 2532 1549 2615 regis
1598 2528 1896 2615 Osualdi,
1958 2531 2069 2615 qui
2129 2550 2324 2615 quon-

193 2615 342 2682 dam
389 2619 568 2702 genti
610 2616 676 2682 N
680 2616 1302 2705 ordanhymbrorum
1347 2628 1414 2686 et
1458 2621 1647 2704 regni
1691 2620 2063 2706 temporalis
2111 2628 2323 2683 aucto·

190 2709 385 2772 ritate
431 2715 497 2771 et
543 2704 946 2773 Christianae
1004 2708 1292 2793 pietatis,
1356 2730 1523 2795 quae
1580 2707 1665 2773 ad
1710 2728 1983 2792 regnum
2039 2730 2326 2793 perenne

192 2794 386 2879 ducit,
436 2794 777 2861 deuotione
824 2796 1183 2861 sublimiter
1227 2798 1526 2883 praefuit,
1576 2799 1867 2861 conferre
1914 2795 2183 2881 dignata
2206 2806 2323 2861 est.

133 2894 152 2919 ⁸
191 2884 340 2949 Hac
396 2886 634 2949 etenim
690 2883 794 2949 die
837 2884 1010 2949 idem
1065 2906 1186 2950 rex
1231 2887 1313 2950 ab
1358 2886 1730 2951 infidelibus
1773 2887 1843 2950 in
1889 2885 2057 2950 bello
2106 2908 2325 2973 corpo-

191 2973 417 3039 raliter
477 2974 825 3056 extinctus,
887 2996 1040 3039 mox
1085 2973 1169 3039 ad
1217 2976 1609 3061 sempiterna
1668 2976 2027 3039 animarum
2090 2974 2328 3059 gaudia

192 3060 526 3126 adsumtus
569 3064 639 3127 in
669 3062 914 3127 caelum
963 3071 1028 3127 et
1072 3064 1422 3127 electorum
1472 3073 1571 3129 est
1616 3065 1893 3129 sociatus
1940 3064 2324 3149 agminibus,

195 3148 526 3228 Quaerant
570 3153 636 3215 in
698 3152 828 3215 suis
889 3150 1243 3236 codicibus,
1303 3154 1371 3217 in
1430 3153 1661 3239 quibus
1720 3150 2168 3217 defunctorum
2229 3160 2327 3215 est

192 3240 502 3306 adnotata
560 3239 900 3327 depositio,
972 3248 1037 3305 et
1081 3242 1408 3305 inueniant
1453 3241 1632 3306 illum
1678 3240 1827 3324 hac,
1894 3250 1966 3306 ut
2025 3239 2323 3324 diximus,

193 3327 297 3393 die
341 3338 599 3416 raptum
647 3350 787 3393 esse
834 3328 914 3393 de
961 3330 1234 3395 saeculo,
1329 3327 1678 3395 Celebrent
1724 3352 1879 3415 ergo
1940 3330 2164 3393 missas
2212 3350 2326 3415 per

195 3428 426 3483 cuncta
500 3418 872 3482 monasterii
947 3421 1228 3483 oratoria
1289 3416 1509 3503 huius,
1589 3421 1726 3483 siue
1788 3441 1903 3505 pro
1970 3420 2327 3503 gratiarum

193 3508 447 3571 actione
494 3506 835 3571 exauditae
881 3528 1035 3572 suae
1080 3509 1577 3595 deprecationis,
1650 3510 1787 3572 siue
1835 3508 2032 3572 etiam
2076 3509 2143 3572 in
2188 3530 2323 3571 me-

71 3671 76 3677 ,
192 3597 468 3660 moriam
533 3596 814 3681 praefati
875 3597 1050 3680 regis
1111 3594 1411 3681 Osu'aldi,
1476 3598 1585 3683 qui
1653 3595 1975 3682 quondam
2042 3597 2326 3683 ipsorum

191 3686 373 3767 genti
433 3693 754 3770 praeerat.
846 3683 1135 3771 Ideoque
1181 3709 1298 3772 pro
1346 3689 1439 3750 eis
1501 3688 1683 3771 quasi
1738 3708 1856 3773 pro
1902 3707 2056 3751 suae
2115 3688 2327 3769 gentis

191 3771 460 3837 aduenis
493 3774 766 3859 supplex
795 3776 1022 3839 orabat
1053 3773 1137 3838 ad
1166 3776 1525 3840 dominum:
1576 3783 1643 3840 et
1674 3776 1917 3840 cunctis
1950 3776 2328 3840 conuenien-

189 3863 363 3927 tibus
410 3861 495 3927 ad
540 3863 875 3928 ecclesiam
931 3864 1267 3947 fratribus,
1331 3866 1801 3929 communicent
1858 3886 2079 3929 omnes
2138 3866 2328 3929 sacri·-
