2723 4326
441 209 524 272 26
2402 211 2445 262 1.
2489 211 2568 263 17.

440 381 825 468 subducunt3
870 394 1212 449 uentorum
1243 385 1492 450 furores
1524 385 1669 450 uela
1698 408 1829 451 non
1863 388 2205 467 sustinent3
2256 386 2572 452 cedebant

379 527 388 534 .
438 474 790 538 ministeria
835 474 1009 538 uicta
1053 483 1424 557 nautarum3
1485 472 1814 539 ferebatur
1871 476 2205 559 nauigium
2262 477 2569 558 oratione,

437 583 566 627 non
618 563 892 628 uiribus:
949 573 1014 627 et
1067 585 1216 627 casu
1273 562 1406 628 dux
1464 564 1603 648 ipse
1658 565 1763 629 uel
1806 563 2098 650 pontifex
2142 563 2389 629 fractus
2438 587 2569 629 cor-

439 673 628 738 pore,
698 651 1071 717 lassitudine
1136 675 1211 716 ac
1275 673 1505 738 sopore
1568 654 1881 717 resolutus
1948 662 2063 720 est.
2172 652 2346 720 Tum
2417 675 2573 718 nero

440 741 621 827 quasi
679 750 1112 828 repugnatore
1160 749 1451 805 cessante
1495 749 1847 828 tempestas
1896 744 2177 807 excitata
2224 743 2570 827 conualuit,

439 841 504 894 et
557 831 686 894 iam
743 831 1072 915 nauigium
1122 830 1471 916 superfusis
1519 828 1817 894 fluctibus
1865 831 2301 916 mergebatur.
2400 831 2575 896 Tum

439 919 664 983 beatus
724 917 948 1005 Lupus
1010 940 1361 1006 omnesque
1420 918 1664 984 turbati
1724 921 2007 984 excitant
2068 922 2387 985 seniorem
2451 921 2573 987 ele-

437 1009 674 1072 mentis
733 1007 1091 1072 furentibus
1155 1005 1637 1096 opponendum;
1708 1010 1815 1094 qui
1876 1010 2143 1096 periculi
2188 1010 2579 1075 inmanitate

441 1098 834 1161 constantior
917 1094 1245 1161 Christum
1323 1097 1585 1161 inuocat
1654 1106 1719 1161 61
1800 1096 2094 1163 adsumto
2170 1100 2237 1162 in
2312 1101 2575 1165 nomine

441 1195 702 1250 sanctae
762 1186 1066 1249 trinitatis
1122 1185 1252 1248 leui
1311 1206 1517 1270 aquae
1572 1187 1877 1272 spargine
1936 1185 2165 1252 fluctus
2212 1190 2578 1252 saeuientes

442 1274 766 1360 opprimit,
816 1272 1132 1357 collegam
1179 1283 1567 1355 commonet,
1618 1274 1909 1339 hortatur
1953 1277 2284 1341 uniuersos
2300 1326 2318 1360 ,
2372 1279 2581 1342 oratio

442 1385 567 1426 uno
615 1384 726 1427 ore
767 1373 832 1427 et
863 1361 1140 1428 clamore
1187 1361 1619 1449 profunditur:
1669 1362 1850 1428 adest
1895 1364 2213 1448 diuinitas,
2263 1365 2581 1449 fugantur

442 1451 703 1536 inimici,
753 1452 1181 1537 tranquillitas
1229 1473 1456 1516 serena
1500 1450 1927 1538 subsequitur,
1974 1455 2152 1518 uenti
2184 1475 2219 1518 e
2251 1457 2582 1520 contrario

443 1540 526 1604 ad
556 1541 802 1604 itineris
831 1541 1189 1605 ministeria
1217 1549 1645 1624 reuertuntur,
1688 1541 2102 1628 decursisque
2129 1541 2315 1607 breui
2348 1546 2577 1630 spatiis

441 1629 678 1715 pelagi,
727 1631 930 1716 optati
974 1629 1207 1694 littoris
1256 1631 1471 1715 quiete
1510 1631 1858 1717 potiuntur.
1936 1630 2042 1696 Ibi
2072 1633 2463 1698 conueniens
2496 1656 2581 1698 ex

443 1717 712 1784 diuersis
757 1718 1051 1805 partibus
1099 1717 1438 1783 multitudo
1472 1720 1729 1805 excepit
1775 1719 2162 1806 sacerdotes,
2211 1742 2371 1806 quos
2420 1745 2570 1787 uen-

444 1817 620 1872 turos
667 1808 863 1873 etiam
908 1808 1279 1872 uaticinatio
1325 1807 1602 1873 aduersa
1646 1808 2075 1894 praedixerat.
2167 1807 2583 1876 Nuntiabant

444 1897 617 1961 enim
663 1896 904 1960 sinistri
949 1898 1233 1983 spiritus,
1285 1897 1454 1982 quod
1498 1897 1841 1982 timebant,
1890 1899 1998 1984 qui
2044 1899 2316 1984 imperio
2366 1922 2575 1964 sacer-

445 1983 664 2049 dotum
725 1983 876 2049 dum
939 1985 1023 2050 ab
1082 1986 1358 2050 obsessis
1407 1985 1778 2073 corporibus
1823 1985 2254 2052 detruduntur
2302 1997 2369 2052 et
2416 2001 2575 2054 tem-

443 2074 711 2161 pestatis
752 2073 1041 2140 ordinem
1089 2083 1153 2139 61
1198 2075 1502 2160 pericula,
1554 2096 1719 2160 quae
1763 2076 2127 2159 intulerant,
2176 2075 2580 2163 fatebantur,

446 2166 774 2250 uictosque
821 2188 891 2229 se
937 2186 1162 2229 eorum
1206 2166 1454 2228 meritis
1502 2173 1567 2229 et
1612 2166 1885 2252 imperio
1932 2187 2062 2231 non
2106 2166 2457 2250 negabant.

609 2252 882 2334 ‘Interea
942 2252 1412 2318 Brittaniarum
1475 2253 1750 2319 insulam
1814 2256 2145 2342 apostolici
2210 2256 2585 2321 sacerdotes

441 2344 678 2429 raptim
737 2344 1067 2430 opinione,
1131 2341 1635 2430 praedicatione,
1700 2342 2048 2408 uirtutibus
2112 2343 2577 2431 impleuerunt:

443 2430 824 2517 diuinusque
869 2453 988 2519 per
1035 2453 1144 2496 eos
1190 2453 1400 2495 sermo
1447 2429 1682 2496 cotidie
1727 2453 1854 2495 non
1900 2434 2105 2497 solum
2149 2434 2215 2497 in
2263 2434 2583 2519 ecclesiis,

442 2543 670 2585 uerum
716 2522 910 2585 etiam
957 2542 1076 2607 per
1121 2521 1346 2603 triuia,
1410 2542 1525 2607 per
1579 2542 1732 2584 rura
1776 2520 2299 2607 praedicabatur3
2368 2525 2462 2589 ita
2508 2535 2581 2589 ut

441 2612 684 2695 passim
731 2620 797 2674 et
841 2609 1062 2675 fideles
1112 2608 1410 2674 catholici
1456 2607 1865 2675 firmarentur
1908 2619 1974 2675 et
2020 2610 2357 2696 deprauati
2402 2614 2579 2678 uiam

443 2700 859 2764 correctionis
925 2708 1371 2784 agnoscerent.
1471 2698 1633 2762 Erat
1696 2698 1820 2761 illis
1880 2700 2316 2785 apostolorum
2377 2702 2589 2766 instar

445 2797 508 2851 et
575 2786 784 2871 gloria
842 2796 907 2851 et
966 2789 1315 2853 auctoritas
1374 2810 1492 2873 per
1552 2788 2041 2872 conscientiam,
2104 2787 2402 2853 doctrina
2467 2814 2587 2876 per

442 2876 724 2958 litteras,
774 2877 1046 2940 uirtutes
1097 2899 1178 2941 ex
1238 2877 1503 2941 meritis.
1583 2875 1812 2962 Itaque
1858 2879 2143 2962 regionis
2190 2880 2585 2944 uniuersitas
2692 2940 2694 2943 Α

443 2966 512 3029 111
557 2986 777 3029 eorum
825 2966 1209 3029 sententiam
1254 2974 1512 3051 promta
1556 2967 1921 3030 transierat.
2000 2963 2323 3031 Latebant
2371 2967 2582 3033 abditi

444 3054 742 3119 sinistrae
786 3056 1216 3140 persuasionis
1262 3063 1589 3137 auctores,
1639 3065 1703 3119 et
1748 3076 1927 3119 more
1974 3054 2242 3138 maligni
2290 3058 2581 3141 spiritus,

445 3142 796 3228 gemebant
860 3144 1074 3229 perire
1139 3142 1260 3208 sibi
1318 3144 1591 3230 populos
1638 3140 1984 3209 suadentes
2004 3190 2020 3221 ,
2081 3142 2163 3207 ad
2210 3154 2583 3209 extremum

443 3232 744 3297 diuturna
773 3230 1193 3297 meditatione
1219 3241 1533 3318 concepta
1556 3241 1977 3318 praesumunt
2000 3233 2163 3297 inire
2188 3232 2581 3300 conflictum.

439 3320 808 3386 Procedunt
853 3324 1183 3408 conspicui
1228 3321 1499 3404 diuitiis,
1561 3330 1744 3385 ueste
1790 3319 2146 3406 fulgentes,
2196 3322 2583 3389 circumdati
2690 3370 2692 3375 -

441 3410 883 3475 adsentatione
941 3410 1324 3476 multorum:
1398 3408 1869 3494 discrimenque
1929 3410 2296 3475 certaminis
2360 3412 2584 3477 subire

441 3498 806 3563 maluerunt
850 3522 1046 3586 quam
1091 3502 1157 3564 in
1196 3497 1457 3586 populo,
1506 3520 1698 3584 quem
1743 3499 2213 3583 subuerterant,
2261 3500 2581 3586 pudorem

441 3588 895 3653 taciturnitatis
970 3592 1329 3671 incurrere,
1408 3610 1491 3651 ne
1560 3586 1930 3651 uiderentur
1994 3610 2062 3651 se
2129 3588 2255 3675 ipsi
2322 3590 2583 3655 silentio

442 3674 865 3743 damnauisse.
958 3676 1100 3742 Illic
1162 3678 1352 3763 plane
1415 3678 1709 3741 inmensa
1765 3676 2105 3741 multitudo
2170 3676 2369 3742 etiam
2436 3701 2583 3745 cum
2688 3734 2690 3737 Α

442 3764 819 3849 coniugibus
865 3787 942 3830 ac
987 3766 1203 3831 liberis
1265 3766 1480 3831 excita
1538 3774 1953 3850 conuenerat,
2014 3766 2238 3831 aderat
2301 3769 2583 3854 populus
2688 3804 2690 3811 ·

443 3862 849 3939 expectator,
919 3863 983 3919 61
1040 3853 1295 3919 futurus
1354 3852 1583 3937 iudex,
1645 3850 1990 3919 adstabant
2055 3862 2271 3940 partes
2330 3856 2578 3944 dispari
