2723 4326
400 207 530 269 240
2371 206 2438 259 V.
2477 206 2533 257 9.

402 382 831 469 apparuisset:
866 380 1053 445 ‘Cum
1086 380 1379 467 expletis'
1412 380 1704 465 inquiens
1739 377 2010 464 ‘hymnis
2043 380 2532 445 matutinalibus

400 472 470 534 in
512 470 749 534 lectulo
803 470 1097 535 membra
1150 470 1502 557 posuissem
1557 490 1635 533 ac
1689 468 1849 532 leuis
1906 468 2064 533 mihi
2110 490 2369 534 somnus
2417 470 2529 535 ob-

400 561 731 647 repsisset,
795 560 1090 645 apparuit
1147 558 1465 643 magister
1525 555 1844 641 quondam
1905 580 2086 622 meus
2133 567 2198 622 et
2253 560 2534 624 nutritor

401 650 873 713 amantissimus
918 646 1122 711 Boisil
1181 649 1732 732 interrogauitque
1779 669 1910 730 me,
1972 669 2055 710 an
2102 668 2250 711 eum
2296 670 2534 733 cogno-

400 760 580 801 scere
629 758 899 822 possem.
963 734 1122 801 Aio:
1176 736 1462 823 „Etiamz
1512 744 1584 797 tu
1631 756 1698 799 es
1747 736 1915 799 enim
1949 732 2213 800 Boisil“.
2272 734 2363 799 At
2393 737 2528 801 ille:

406 823 550 911 „Ad
611 821 768 889 hoc“
834 826 1041 910 inquit
1110 827 1327 911 „ueni,
1399 832 1472 887 ut
1508 846 1884 911 responsum
1921 822 2160 888 domini
2194 825 2535 890 saluatoris

401 914 769 1001 Ecgbercto
814 914 1130 998 adferam,
1190 913 1356 999 quod
1385 922 1470 993 ,te
1516 922 1731 977 tamen
1775 914 2102 977 referente
2150 923 2405 1001 oportet
2452 913 2538 981 ad

400 1003 578 1068 illum
638 1004 875 1067 uenire.
968 1002 1095 1067 Dic
1141 1025 1297 1087 ergo
1343 1002 1462 1085 illi,
1525 1004 1676 1087 quia
1732 1022 1860 1065 non
1919 1002 2091 1067 ualet
2149 1003 2298 1087 iter,
2363 1004 2538 1089 quod

400 1093 753 1179 proposuit,
802 1092 1099 1179 implere:
1148 1090 1252 1155 dei
1300 1093 1470 1155 enim
1517 1090 1864 1155 uoluntatis
1897 1099 2013 1174 est,
2062 1099 2132 1154 ut
2164 1090 2244 1155 ad
2277 1090 2535 1157 Colum-

400 1182 524 1246 bae
569 1182 954 1245 monasteria
1000 1181 1206 1265 magis
1253 1188 1485 1265 pergat
1516 1177 1889 1244 docenda.“'
1951 1179 2111 1243 Erat
2141 1190 2359 1244 autem
2409 1181 2532 1246 Co—

401 1270 622 1333 lumba
669 1270 912 1354 primus
958 1268 1182 1333 doctor
1227 1266 1378 1333 fidei
1425 1268 1827 1333 Christianae
1881 1272 2382 1334 transmontanis
2431 1270 2534 1334 Pi-

403 1360 522 1422 ctis
572 1358 652 1421 ad
699 1358 1061 1443 aquilonem
1105 1358 1478 1444 primusque
1537 1356 1837 1422 fundator
1895 1359 2298 1442 monasterii,
2363 1358 2539 1444 quod

400 1448 467 1511 in
513 1444 630 1510 Hii
676 1446 883 1511 insula
926 1446 1144 1510 multis
1192 1446 1299 1510 diu
1346 1443 1720 1511 Scottorum
1765 1446 2222 1532 Pictorumque
2282 1449 2536 1535 populis

400 1535 767 1600 uenerabile
813 1537 1068 1599 mansit.
1161 1533 1291 1612 Qui
1336 1533 1639 1599 uidelicet
1686 1533 1999 1599 Columba
2057 1557 2226 1600 nunc
2283 1560 2322 1601 a
2378 1559 2535 1603 non-

399 1624 587 1689 nullis
644 1626 998 1710 composito
1045 1646 1083 1689 a
1131 1620 1309 1688 Cella
1356 1634 1426 1689 et
1471 1622 1787 1689 Columba
1850 1626 2110 1689 nomine
2159 1621 2536 1690 Columcelli

399 1722 690 1778 uocatur.
784 1712 1067 1778 Audiens
1114 1722 1331 1777 autem
1380 1713 1580 1777 uerba
1623 1713 1885 1777 uisionis
1930 1711 2286 1797 Ecgberct‚
2347 1737 2535 1802 prae·

402 1804 573 1888 cepit
622 1803 826 1886 fratri,
876 1804 985 1888 qui
1009 1801 1335 1885 retulerat,
1386 1824 1468 1866 ne
1500 1802 1802 1886 cuiquam
1832 1801 1993 1865 haec
2023 1803 2207 1867 alteri
2237 1802 2534 1887 referret,

406 1912 488 1955 ne
548 1891 715 1955 forte
778 1892 1081 1955 inlusoria
1140 1902 1308 1955 esset
1368 1892 1550 1954 uisio.
1644 1889 1796 1976 Ipse
1839 1899 2055 1955 autem
2100 1892 2334 1957 tacitus
2393 1914 2536 1956 rem

404 1977 844 2063 considerans,
905 2000 1128 2045 ueram
1188 2002 1329 2043 esse
1389 1979 1685 2045 timebat:
1735 2002 1854 2045 nec
1911 1988 2131 2045 tamen
2181 2003 2224 2044 a
2267 2002 2538 2067 praepa—

405 2066 606 2132 rando
682 2070 909 2133 itinere
924 2119 943 2152 ,
1024 2091 1149 2155 quo
1215 2067 1299 2133 ad
1363 2076 1590 2153 gentes
1657 2066 1975 2134 docendas
2043 2070 2198 2152 iret,
2282 2092 2537 2135 cessare

403 2158 676 2223 uolebat.

579 2247 670 2312 At
714 2256 861 2334 post
904 2246 1039 2312 dies
1085 2269 1324 2333 paucos
1371 2267 1622 2311 rursum
1670 2248 1845 2311 uenit
1891 2245 1973 2311 ad
2009 2269 2153 2312 eum
2200 2249 2538 2334 praefatus

401 2336 632 2420 frater,
680 2333 923 2419 dicens,
973 2337 1124 2421 quia
1170 2345 1234 2400 et
1282 2356 1359 2400 ea
1404 2344 1590 2400 nocte
1638 2335 1759 2400 sibi
1804 2345 1950 2421 post
1995 2336 2284 2423 expletos
2329 2348 2540 2401 matu—

401 2427 568 2490 tinos
624 2423 829 2489 Boisil
885 2446 1003 2510 per
1061 2426 1270 2489 uisum
1329 2425 1728 2512 apparuerit,
1792 2425 2039 2491 dicens:
2101 2425 2340 2504 ‘Quare
2399 2437 2539 2490 tam

402 2513 821 2600 neglegenter
852 2535 929 2578 ac
958 2513 1175 2599 tepide
1216 2514 1438 2579 dixisti
1467 2513 1852 2598 Eegbercm,
1904 2535 2066 2599 quae
2098 2515 2216 2578 tibi
2263 2513 2540 2580 dicenda

404 2601 744 2690 praecepi?
791 2601 884 2666 At
912 2624 1082 2666 nunc
1114 2602 1279 2667 uade
1310 2615 1377 2668 et
1409 2602 1510 2666 dic
1541 2604 1652 2685 illi,
1700 2604 1868 2688 quia,
1918 2603 2075 2668 uelit
2112 2603 2290 2688 nolit,
2339 2602 2539 2670 debet

403 2690 485 2755 ad
530 2693 917 2774 monasteria
964 2688 1316 2755 Columbae
1361 2693 1608 2775 uenire,
1676 2693 1827 2777 quia
1873 2701 2087 2756 aratra
2133 2715 2351 2758 eorum
2398 2715 2533 2757 non

403 2789 578 2844 recte
622 2781 950 2845 incedunt:
1018 2790 1273 2866 oportet
1316 2788 1533 2844 autem
1581 2803 1727 2845 eum
1774 2781 1858 2846 ad
1901 2791 2151 2846 rectum
2196 2782 2357 2846 haec
2402 2790 2537 2845 tra-

402 2869 627 2932 mitem
673 2869 1018 2936 reuocare.'
1081 2867 1210 2947 Qui
1255 2866 1418 2933 haec
1464 2869 1727 2934 audiens
1775 2869 1983 2934 denuo
2029 2871 2358 2956 praecepit
2405 2869 2538 2933 fra-

402 2957 515 3039 tri,
571 2978 653 3020 ne
697 2957 857 3021 haec
904 2959 1005 3022 cui
1052 2958 1474 3045 patefaceret.
1568 2957 1719 3045 Ipse
1765 2981 1919 3022 uero
1929 3009 1947 3042 ,
2010 2961 2267 3023 tametsi
2313 2967 2536 3024 certus

400 3053 499 3110 est
542 3044 751 3110 factus
784 3046 863 3110 de
893 3048 1160 3128 uisione,
1206 3045 1614 3111 nihilominus
1660 3049 1934 3112 tentauit
1977 3049 2102 3112 iter
2147 3048 2533 3133 dispositum

400 3157 544 3199 cum
591 3135 895 3200 fratribus
942 3137 1310 3200 memoratis
1357 3137 1658 3221 incipere.
1724 3135 2012 3221 Cumque
2057 3139 2188 3200 iam
2233 3138 2381 3200 naui
2414 3137 2533 3202 im-

399 3225 791 3310 posuissent,
840 3247 1005 3311 quae
1050 3226 1211 3289 tanti
1258 3226 1508 3289 itineris
1553 3226 1899 3290 necessitas
1944 3224 2283 3311 poscebat,
2333 3233 2532 3310 atque

400 3323 747 3399 oportunos
781 3315 1025 3398 aliquot
1058 3312 1192 3377 dies
1222 3322 1450 3378 uentos
1497 3323 1934 3400 expectarent,
1983 3314 2154 3378 facta
2199 3323 2296 3378 est
2340 3323 2535 3378 noete

399 3401 679 3486 quadam
696 3411 831 3467 tam
851 3424 1043 3466 saeua
1062 3411 1430 3488 tempestas,
1452 3423 1616 3488 quae
1633 3401 1899 3489 perditis
1919 3401 2222 3467 nonnulla
2241 3425 2323 3467 ex
2340 3413 2532 3489 parte

400 3490 525 3575 his,
588 3513 751 3578 quae
796 3493 863 3555 in
910 3493 1060 3556 naui
1107 3500 1317 3574 erant,
1384 3492 1578 3557 rebus
1624 3494 1831 3578 ipsam
1875 3493 1941 3555 in
1986 3491 2163 3555 littus
2208 3492 2532 3557 iacentem

398 3581 565 3644 inter
610 3578 814 3645 undas
860 3580 1279 3666 relinqueret:
1330 3579 1579 3645 saluata
1624 3589 1770 3644 sunt
1816 3589 2033 3645 tamen
2079 3582 2311 3663 omnia,
2359 3602 2532 3667 quae

399 3676 581 3731 erant
602 3669 954 3755 Ecgbercti
974 3678 1040 3734 et
1058 3671 1376 3734 sociorum
1407 3670 1562 3733 eiuS.
1611 3668 1782 3733 Tum
1812 3671 1950 3755 ipse
1982 3671 2165 3754 quasi
2197 3669 2531 3756 propheti-

400 3777 543 3818 cum
565 3756 721 3822 illud
743 3757 983 3842 dicens,
1016 3761 1166 3844 quia
1198 3755 1363 3844 (Ion.
1391 3760 1448 3842 1,
1474 3759 1582 3842 12)
1615 3757 1900 3844 ‘propter
1918 3781 2023 3823 me
2049 3768 2145 3822 est
2176 3766 2531 3845 tempestas

398 3842 601 3927 haec',
618 3846 933 3910 subtraxit
944 3871 1011 3912 se
1022 3849 1113 3912 illi
1127 3848 1509 3935 profectioni
1525 3858 1592 3912 et
1604 3869 1939 3913 remanere
1960 3845 2131 3912 domi
2144 3867 2371 3934 passus
2381 3849 2524 3914 est!

2709 384 2723 463 <

2715 546 2723 609 1
