2723 4326
367 188 495 252 184
2100 190 2221 242 ΙΙΠ.
2264 191 2500 244 11—12.

363 361 498 429 Sed
544 385 661 427 nec
707 364 799 427 sic
845 362 1103 450 quidem
1163 387 1393 452 corpus
1453 365 1768 452 capiebat.
1862 365 2045 431 Vnde
2099 365 2273 431 facta
2330 365 2499 431 diffi-

364 453 602 517 cultate
649 451 1022 537 tumulandi,
1072 455 1446 539 cogitabant
1475 464 1586 520 aut
1617 452 1791 519 aliud
1837 476 2151 541 quaerere
2194 455 2507 541 loculum,

363 549 475 606 aut
518 542 731 627 ipsum
777 563 1028 628 corpus,
1078 543 1133 606 si
1157 552 1441 628 possent,
1487 546 1555 608 in
1600 543 1872 629 genibus
1918 543 2303 610 inflectendo
2349 545 2503 610 bre-

363 633 563 712 uiare‚
612 628 816 695 donec
858 632 998 718 ipso
1045 631 1252 696 loculo
1300 643 1658 719 caperetur.
1722 632 1853 700 Sed
1898 635 2065 698 mira
2108 655 2211 698 res
2257 643 2320 699 et
2363 656 2504 698 non

363 721 488 784 nisi
532 719 798 786 caelitus
844 719 1048 802 facta,
1113 743 1195 784 ne
1239 719 1483 809 aliquid
1528 722 1756 787 horum
1801 720 1941 786 fieri
1987 721 2278 806 deberet,
2344 746 2499 810 pro-

361 808 589 873 hibuit.
659 806 834 872 Nam
880 810 1091 874 subito
1139 811 1435 875 adstante
1482 815 1783 898 episcopo
1831 822 1893 875 et
1937 809 2067 876 filio
2112 814 2287 896 regis
2334 815 2504 876 eius·

364 896 510 960 dem
557 919 634 962 ac
678 896 978 962 monachi
1023 895 1379 982 Sighardo‚
1446 902 1556 987 qui
1623 909 1769 986 post
1830 901 2010 964 illum
2080 923 2226 965 cum
2292 900 2513 966 fratre

365 984 681 1052 Suefredo
741 988 1066 1070 regnauit,
1139 998 1203 1052 et
1248 990 1440 1052 turba
1502 989 1832 1053 hominum
1878 1011 2005 1053 non
2052 989 2331 1074 modica,
2401 991 2502 1054 in-

363 1085 627 1141 uentum
691 1084 788 1139 est
857 1077 1263 1162 sarcofagum
1324 1075 1485 1142 illud
1546 1099 1871 1163 congruae
1933 1078 2352 1162 longitudinis
2411 1078 2504 1143 ad

365 1187 733 1229 mensuram
782 1167 1086 1251 corporiS,
1134 1165 1294 1230 adeo
1324 1175 1399 1230 ut
1430 1189 1470 1231 a
1499 1177 1684 1252 parte
1717 1169 1945 1253 capitis
1978 1169 2174 1232 etiam
2216 1169 2504 1232 ceruical

363 1263 582 1341 posset
627 1255 976 1340 interponi3
1029 1277 1068 1318 a
1111 1263 1298 1341 parte
1342 1277 1499 1319 uero
1545 1255 1781 1342 pedum
1827 1278 2125 1322 mensura
2147 1255 2289 1320 IIII
2334 1255 2501 1341 digi-

366 1353 574 1407 torum
611 1345 677 1406 in
723 1343 1061 1428 sarcofago
1109 1366 1340 1430 corpus
1388 1343 1745 1410 excederet.
1812 1343 2121 1411 Conditus
2153 1355 2250 1410 est
2280 1355 2502 1410 autem

365 1435 434 1496 in
479 1431 753 1496 ecclesia
798 1431 971 1495 beati
1017 1430 1294 1496 doctoris
1342 1435 1653 1520 gentium,
1703 1436 1881 1498 cuius
1928 1433 2191 1499 edoctus
2236 1437 2515 1498 monitis

367 1521 670 1585 caelestia
715 1542 975 1606 sperare
1021 1519 1348 1588 didicerat.

1390 1755 1489 1817 12.

365 1909 446 1965 vt
465 1908 888 1978 episcopatum
908 1907 1400 1965 Occidentalium
1420 1909 1725 1966 Saxonum
1743 1925 1858 1980 pro
1880 1911 2216 1967 Leutherio
2236 1911 2513 1980 Haeddi,

368 1997 792 2067 episcopatum
827 1997 1156 2053 Hrofensis
1209 1998 1510 2054 ecclesiae
1547 2013 1662 2068 pro
1700 1999 1893 2056 Putta
1931 2000 2243 2058 cuichelm
2280 2001 2344 2055 et
2380 2015 2513 2070 pro

438 2087 575 2157 ipso
617 2084 917 2143 Gefmund
955 2087 1306 2157 acceperit:
1348 2087 1414 2143 et
1452 2088 1558 2156 qui
1597 2089 1747 2143 tunc
1783 2088 2426 2157 Nordanhymbrorum

1104 2240 1109 2245 ,
1147 2176 1392 2233 fuerint
1429 2177 1729 2247 episcopi.

543 2319 828 2399 Quartus
875 2318 1393 2385 Occidentalium
1441 2320 1769 2387 Saxonum
1817 2321 2085 2387 antistes
2116 2319 2513 2385 Leutherius

364 2410 506 2475 fuit.
600 2408 934 2495 Siquidem
997 2412 1243 2496 primus
1312 2410 1604 2492 Birinus‚
1683 2409 1997 2475 secundus
2062 2407 2505 2494 Agilberctus,

363 2500 594 2563 tertius
655 2500 901 2565 exstitit
945 2496 1117 2563 Vini.
1213 2496 1507 2584 Cumque
1565 2508 1851 2563 mortuus
1910 2508 2079 2563 esset
2126 2498 2509 2583 Ooinualch,

365 2609 491 2675 quo
540 2596 856 2671 regnante
901 2586 1074 2652 idem
1120 2586 1506 2653 Leutherius
1554 2590 1888 2674 episcopus
1944 2587 2155 2651 factus
2203 2597 2325 2671 est,
2390 2609 2503 2652 ac-

365 2686 675 2763 ceperunt
733 2676 1064 2760 subreguli
1123 2699 1400 2761 regnum
1460 2679 1674 2760 gentis
1734 2686 1800 2741 et
1858 2675 2135 2740 diuisum
2201 2677 2371 2741 inter
2425 2699 2511 2741 se

364 2775 705 2830 tenuerunt
736 2767 919 2830 annis
951 2767 1206 2830 circiter
1236 2765 1333 2829 X:
1382 2768 1667 2852 ipsisque
1699 2766 2121 2851 regnantibus
2157 2764 2511 2829 defunctus

367 2862 465 2917 est
509 2854 646 2937 ille,
715 2866 780 2920 et
828 2856 1202 2941 episcopatu
1263 2855 1521 2919 functus
1569 2864 1668 2919 est
1712 2852 1971 2919 Haeddi
2016 2876 2133 2940 pro
2181 2876 2283 2918 eo:
2352 2876 2504 2917 con·

369 2953 654 3006 secretus
707 2966 745 3007 a
802 2942 1144 3007 Theodoro
1203 2944 1270 3007 in
1329 2946 1595 3009 ciuitate
1656 2942 2012 3007 Lundonia.
2108 2940 2305 3006 Cuius
2364 2944 2505 3029 epi-

369 3041 668 3117 scopatus
713 3040 1006 3118 tempore
1053 3032 1322 3097 deuictis
1354 3042 1549 3117 atque
1586 3034 1813 3097 amotis
1854 3031 2245 3115 subregulis,
2298 3028 2506 3096 Caed—

368 3121 538 3185 ualla
602 3123 884 3207 suscepit
960 3123 1328 3208 imperium:
1416 3131 1511 3205 et,
1602 3144 1748 3185 cum
1816 3118 2063 3185 duobus
2132 3122 2315 3184 annis
2375 3120 2511 3185 hoc

369 3211 709 3294 tenuisset,
771 3208 1031 3274 tandem
1093 3212 1354 3297 superni
1411 3211 1601 3294 regni
1662 3231 1879 3274 amore
1940 3220 2359 3296 compunctus
2404 3232 2509 3273 re·-

367 3300 582 3384 liquit,
650 3297 874 3364 eodem
921 3299 1130 3365 adhuc
1176 3297 1473 3385 praesule
1528 3299 1865 3364 ecclesiam
1923 3298 2353 3383 gubernante3
2421 3320 2507 3363 ac

369 3389 644 3452 Romam
689 3387 912 3452 abiens
957 3388 1047 3453 ibi
1091 3389 1293 3452 uitam
1336 3386 1571 3472 finiuit,
1626 3397 1697 3451 ut
1740 3389 1808 3452 in
1854 3388 2265 3473 sequentibus
2309 3387 2512 3451 latius

371 3477 710 3542 dicendum
757 3486 873 3541 est.

547 3566 738 3631 Anno
771 3574 990 3631 autem
1022 3564 1381 3630 dominicae
1411 3566 1866 3631 incarnationis
1889 3562 2511 3647 DmCLXXmVI‘0,

372 3676 518 3717 cum
562 3653 870 3720 Aedilred
914 3677 1029 3719 rex
1081 3654 1494 3739 Met-ciorum,
1542 3653 1817 3719 adducto
1863 3652 2145 3737 maligno
2192 3653 2509 3736 exercitu,

374 3740 672 3807 Cantiam
717 3753 1004 3809 uastaret
1035 3754 1100 3809 et
1133 3743 1435 3809 ecclesias
1464 3767 1542 3809 ac
1588 3744 1978 3808 monasteria
2024 3744 2161 3807 sine
2204 3750 2509 3827 respectu

373 3830 635 3915 pietatis
704 3834 809 3896 uel
872 3831 1071 3897 diuini
1145 3834 1396 3898 timoris
1471 3832 1752 3915 fedaret,
1835 3833 2164 3897 ciuitatem
2244 3852 2507 3917 quoque
