2723 4326
216 179 342 290 1111'.
381 238 466 294 23.
2222 241 2354 306 207

398 412 647 480 Verum
691 413 803 480 illa
848 436 995 478 cum
1040 415 1260 479 multis
1305 415 1487 478 annis
1532 414 1681 480 huic
1725 417 2115 481 monasterio
2168 439 2353 504 prae-

221 511 414 588 esset,
461 504 704 591 placuit
747 505 857 591 pio
903 504 1219 590 prouisori
1275 503 1501 568 salutis
1556 513 1816 569 nostrae
1881 514 2169 569 sanctam
2217 507 2358 571 eius

217 593 500 658 animam
555 593 752 677 longa
813 593 1010 658 etiam
1081 591 1459 658 infirmitate
1534 594 1745 658 carnis
1807 595 2202 677 examinari,
2280 604 2353 660 ut

215 683 401 748 iuxta
447 680 813 769 exemplum
859 680 1130 769 apostoli
1193 681 1400 746 uirtus
1447 683 1580 746 eius
1626 684 1692 746 in
1738 681 2113 748 infirmitate
2159 682 2349 771 perfi-

217 779 490 836 ceretur.
582 769 902 836 Percussa
947 772 1184 836 etenim
1231 769 1518 835 febribus
1564 773 1698 836 acri
1745 772 1957 857 coepit
2002 772 2231 838 ardore
2261 772 2353 837 fa-

214 861 440 945 tigari,
502 868 567 925 et
611 882 730 946 per
775 881 891 927 sex
938 859 1269 924 continuos
1315 881 1517 925 annos
1564 859 1791 925 eadem
1836 861 2131 927 molestia
2174 862 2349 927 labo·

215 971 367 1014 rare
411 970 542 1013 non
587 949 910 1014 cessabat:
976 948 1042 1012 in
1104 969 1232 1034 quo
1290 957 1429 1014 toto
1474 958 1769 1036 tempore
1814 971 2167 1036 numquam
2211 953 2361 1039 ipsa

218 1037 326 1103 uel
372 1037 690 1103 conditori
733 1059 848 1103 suo
893 1038 1138 1123 gratias
1182 1059 1382 1122 agere
1426 1039 1534 1103 uel
1580 1039 1991 1104 commissum
2036 1040 2161 1104 sibi
2208 1060 2353 1125 gre-

217 1148 370 1213 gem
417 1136 482 1191 et
525 1127 782 1213 publice
813 1136 880 1191 et
908 1128 1212 1213 priuatim
1240 1125 1471 1192 docere
1504 1127 2088 1214 praetermittebat.
2180 1128 2354 1194 Nam

217 1237 334 1280 suo
379 1214 729 1302 praedocta
775 1215 1092 1303 exemplo,
1138 1216 1447 1280 monebat
1492 1238 1712 1282 omnes
1770 1226 1837 1281 et
1882 1218 1949 1280 in
1995 1219 2201 1282 salute
2247 1239 2351 1281 ac-

221 1312 412 1391 cepta
476 1306 762 1391 corporis
815 1303 1074 1371 domino
1139 1305 1665 1392 obtemperanter
1718 1305 2129 1372 seruiendum
2176 1315 2241 1372 et
2288 1308 2357 1371 in

219 1393 508 1459 aduersis
575 1415 792 1458 rerum
846 1395 984 1458 siue
1041 1393 1525 1459 infirmitatibus
1579 1394 2017 1460 membrorum
2078 1394 2357 1461 fideliter

220 1481 476 1548 domino
523 1503 665 1548 esse
709 1484 954 1567 gratias
1001 1504 1257 1569 semper
1286 1482 1590 1568 agendas.
1684 1481 1771 1549 Se
1817 1486 1974 1550 timo
2006 1505 2165 1568 ergo
2199 1506 2355 1550 suae

219 1571 611 1636 infirmitatis
657 1593 821 1636 anno
840 1622 859 1656 ,
907 1593 1216 1637 conuerso
1259 1571 1345 1636 ad
1390 1573 1725 1637 interanea
1769 1507 2007 1652 dolore,
2055 1574 2141 1639 ad
2184 1571 2357 1640 diem

219 1661 518 1748 peruenit
561 1659 876 1745 ultimum,
925 1669 990 1726 et
1033 1662 1207 1725 circa
1250 1661 1407 1745 galli
1452 1669 1734 1744 cantum,
1780 1670 2090 1749 percepto
2114 1663 2353 1727 uiatico

221 1757 668 1815 sacrosanctae
713 1750 1196 1834 communionis,
1245 1771 1393 1814 cum
1437 1752 1760 1816 arcessitis
1804 1750 2048 1816 ancillis
2090 1748 2355 1835 Christi,

223 1859 389 1924 quae
435 1847 617 1904 erant
660 1839 728 1903 in
773 1838 1001 1904 eodem
1044 1839 1449 1921 monasterio,
1510 1838 1591 1905 de
1652 1839 1971 1904 seruanda
2033 1862 2141 1905 eas
2194 1841 2356 1905 inui-

227 1949 397 2012 cem,
458 1928 656 1993 immo
716 1949 863 1992 cum
925 1926 1219 1992 omnibus
1276 1949 1439 2014 pace
1497 1928 1874 2013 euangelica
1918 1938 2357 2012 ammoneret3

223 2016 396 2080 inter
442 2018 642 2083 uerba
687 2015 1150 2082 exhortationis
1195 2017 1366 2081 laeta
1408 2025 1686 2081 mortem
1743 2015 1936 2100 uidit,
1992 2019 2191 2083 immo
2210 2068 2227 2101 ,
2287 2026 2360 2081 ut

223 2103 440 2171 uerbis
485 2105 727 2171 domini
770 2105 1016 2193 loquar,
1065 2103 1145 2171 de
1190 2114 1399 2171 morte
1444 2107 1746 2172 transiuit
1789 2104 1873 2173 ad
1918 2106 2137 2172 uitam.

406 2191 550 2273 Qua
623 2193 928 2260 uidelicet
994 2205 1183 2260 nocte
1257 2193 1549 2261 dominus
1638 2197 2040 2282 omnipotens
2111 2196 2359 2261 obitum

223 2283 427 2370 ipsius
471 2286 540 2348 in
584 2283 710 2348 alio
754 2284 1007 2369 longius
1052 2286 1260 2371 posito
1306 2286 1715 2370 monasterio,
1749 2283 1919 2370 quod
1950 2286 2091 2372 ipsa
2134 2282 2361 2350 eodem

225 2394 393 2437 anno
427 2381 872 2438 construxerat
903 2382 968 2438 et
998 2373 1360 2461 appellatur
1391 2372 1713 2458 Hacanos,
1749 2374 2089 2439 manifesta
2114 2373 2364 2438 uisione

225 2462 518 2527 reuelare
563 2460 865 2547 dignatus
911 2470 1026 2527 est.
1118 2462 1280 2527 Erat
1323 2464 1393 2527 in
1437 2465 1578 2549 ipso
1622 2465 2011 2528 monasterio
2044 2461 2360 2549 quaedam

225 2551 728 2616 sanctimonialis
773 2549 1015 2616 femina
1057 2552 1312 2615 nomine
1357 2550 1581 2636 BegU,
1645 2574 1811 2638 quae
1856 2550 2067 2617 XXX
2113 2561 2179 2617 et
2222 2574 2357 2615 am-

225 2640 394 2726 plius
453 2661 652 2704 annos
715 2636 1011 2705 dedicata
1069 2637 1330 2706 domino
1393 2642 1802 2726 uirginitate,
1858 2642 1925 2705 in
1988 2638 2366 2705 monachica

226 2730 713 2793 conuersatione
772 2727 1118 2794 seruiebat.
1210 2727 1395 2795 Haec
1452 2738 1608 2794 tunc
1651 2730 1720 2794 in
1765 2728 2137 2795 dormitorio
2184 2751 2360 2794 soro-

225 2838 374 2882 rum
428 2840 706 2904 pausans
775 2817 1021 2883 audiuit
1089 2817 1300 2884 subito
1369 2820 1437 2883 in
1500 2840 1651 2884 aere
1716 2827 1940 2883 notum
2004 2841 2361 2905 campanae

227 2928 476 2990 sonum,
526 2928 654 2993 quo
700 2904 784 2971 ad
831 2908 1148 2972 orationes
1195 2909 1466 2971 excitari
1510 2907 1617 2972 uel
1662 2908 2004 2972 conuocari
2050 2908 2359 2990 solebant,

227 3017 378 3059 cum
425 2997 568 3082 quis
613 3017 834 3061 eorum
882 2994 962 3061 de
1006 2996 1260 3061 saeculo
1305 2995 1530 3061 fuisset
1575 3006 1917 3063 euocatus:
1973 2999 2365 3084 apertisque,

228 3092 303 3147 ut
346 3084 469 3149 sibi
514 3083 876 3169 uidebatur,
925 3085 1125 3150 oculis
1169 3087 1445 3172 aspexit,
1493 3085 1749 3151 detecto
1796 3084 2019 3150 domus
2067 3085 2361 3168 culmine,

225 3172 440 3237 fusam
486 3172 761 3261 desuper
802 3174 1015 3239 lucem
1062 3176 1278 3239 omnia
1320 3174 1705 3259 repleuisse:
1756 3175 1859 3239 cui
1902 3172 2205 3239 uidelicet
2235 3173 2365 3238 luci

229 3258 382 3327 dum
451 3263 724 3327 sollicita
789 3261 1152 3327 intenderet
1167 3312 1185 3345 ,
1263 3261 1429 3327 uidit
1495 3265 1778 3329 animam
1853 3261 2189 3349 praefatae
2260 3260 2366 3327 dei

225 3350 510 3416 famulae
573 3353 639 3415 in
681 3352 826 3438 ipsa
867 3353 1012 3416 luce
1059 3353 1515 3418 comitantibus
1561 3375 1637 3417 ac
1684 3349 2063 3417 ducentibus
2111 3351 2362 3435 angelis

229 3440 312 3505 ad
358 3441 608 3505 caelum
654 3439 826 3505 ferri.
921 3440 1213 3527 Cumque
1259 3462 1483 3506 somno
1532 3460 1804 3505 excussa
1831 3440 2083 3505 uideret
2116 3450 2367 3505 ceteras

228 3538 576 3615 pausantes
623 3530 794 3595 circa
839 3551 908 3593 se
955 3552 1242 3614 sorores,
1298 3529 1617 3595 intellexit
1668 3528 1775 3595 uel
1836 3529 1904 3592 in
1964 3530 2211 3593 somnio
2257 3528 2365 3593 uel

227 3620 296 3682 in
341 3620 592 3683 uisione
636 3619 871 3684 mentis
919 3628 1245 3683 ostensum
1277 3618 1400 3683 sibi
1432 3641 1593 3703 esse,
1644 3616 1815 3705 quod
1855 3615 2127 3683 uiderat.
2221 3615 2365 3683 Sta-

234 3708 482 3793 timque
533 3728 887 3792 exsurgens
931 3710 1126 3779 nimio
1173 3710 1403 3772 timore
1444 3708 1789 3794 perterrita
1820 3707 2099 3771 cucurrit
2130 3705 2211 3771 ad
2242 3708 2369 3771 uir·

237 3797 480 3880 ginem,
531 3817 694 3881 quae
741 3805 896 3861 tunc
924 3798 1312 3861 monasterio
1343 3797 1710 3863 abbatissae
1740 3797 1883 3861 uice
1913 3796 2216 3882 praefuit,
2265 3797 2367 3860 cui

240 3905 479 3949 nomen
525 3893 662 3948 erat
707 3884 975 3971 Frigyd,
1023 3884 1305 3972 fletuque
1351 3909 1429 3951 ac
1470 3886 1752 3951 lacrimis
1796 3885 2066 3951 multum
2113 3884 2375 3972 perfusa
