2723 4326
85 216 200 271 III.
238 216 293 273 5.
2127 221 2251 284 111

90 395 359 460 timoris
408 394 646 479 gratia,
696 396 882 480 siqua
928 393 1421 480 delinquissent,
1470 394 1816 480 reticebat3
1865 395 1980 461 sed
2027 419 2262 483 aspera

92 484 248 549 illos
319 484 685 548 inuectione
756 484 1170 569 corrigebat.·
1242 481 1506 548 Nullam
1578 485 1950 571 potentibus
2020 485 2260 551 saeculi

90 575 470 661 pecuniam,
523 582 795 659 excepta
827 572 1032 638 solum
1063 596 1230 658 esca,
1279 574 1495 659 siquos
1525 573 1804 660 hospitio
1853 575 2258 661 suscepisset,

91 685 419 749 umquam
466 661 622 727 dare
669 661 939 744 solebat,
988 661 1103 728 sed
1135 684 1212 727 ea
1241 665 1474 749 potius,
1526 685 1692 749 quae
1726 663 1848 729 sibi
1879 686 1918 727 a
1951 662 2260 729 diuitibus

98 751 384 817 donaria
428 752 853 838 pecuniarum
898 751 1365 837 largiebantur,
1415 751 1522 817 uel
1568 754 1635 816 in
1679 774 1831 817 usus
1877 774 2258 839 pauperum,

92 851 177 906 ut
224 840 527 924 diximus,
576 838 1012 927 dispergebat,
1059 840 1165 905 uel
1209 840 1294 906 ad
1337 839 1808 906 redemtionem
1858 864 2100 927 eorum,
2148 844 2260 929 qui

93 932 343 995 iniuste
420 930 678 995 fuerant
752 929 1029 1014 uenditi,
1110 929 1544 1017 dispensabat.
1637 931 1938 1017 Denique
2001 932 2257 1016 multos,

97 1043 270 1107 quos
316 1021 525 1105 pretio
589 1018 741 1084 dato
800 1019 1193 1103 redemerat,
1258 1018 1583 1085 redemtos
1641 1019 2050 1106 postmodum
2113 1044 2260 1085 suos

96 1108 457 1195 discipulos
528 1108 683 1174 fecit
767 1118 963 1195 atque
1024 1109 1107 1174 ad
1170 1107 1638 1174 sacerdotalem
1711 1132 1914 1195 usque
1983 1108 2260 1193 gradum

98 1197 463 1263 erudiendo
512 1207 705 1284 atque
750 1197 1137 1263 instituendo
1182 1201 1502 1285 prouexit.
2051 1219 2056 1224 ·

290 1287 539 1351 Ferunt
584 1295 828 1370 autem,
903 1288 1082 1373 quia,
1149 1309 1296 1351 cum
1363 1286 1444 1353 de
1502 1288 1838 1373 prouincia
1883 1284 2256 1353 Scottorum

100 1399 231 1441 rex
270 1374 519 1442 Osuald
564 1376 955 1463 postulasset
1003 1378 1376 1461 antistitem,
1427 1378 1537 1462 qui
1584 1376 1706 1441 sibi
1753 1398 2034 1462 suaeque
2081 1378 2262 1462 genti

98 1465 388 1531 uerbum
433 1462 585 1529 fidei
630 1467 1047 1549 ministraret,
1096 1468 1325 1531 missus
1373 1466 1569 1531 fuerit
1613 1468 1822 1553 primo
1855 1466 2019 1531 alius
2050 1474 2258 1532 auste-

101 1557 298 1619 rioris
364 1556 561 1619 animi
616 1556 747 1637 uir,
821 1556 959 1640 qui,
1024 1578 1171 1620 cum
1234 1553 1607 1641 aliquandiu
1665 1557 1849 1641 genti
1894 1552 2258 1640 Anglorum

102 1641 493 1732 praedicans
537 1644 698 1709 nihil
741 1644 1101 1730 proficeret,
1150 1666 1270 1709 nec
1316 1645 1596 1710 libenter
1641 1666 1681 1707 a
1726 1644 1962 1730 populo
2008 1642 2258 1709 audire-

104 1745 248 1815 tur,
298 1733 567 1799 redierit
611 1734 919 1819 patriam,
967 1741 1162 1819 atque
1207 1735 1274 1797 in
1321 1742 1640 1799 conuentu
1687 1735 2011 1798 seniorum
2056 1742 2255 1797 rettu-

106 1823 293 1906 lerit,
363 1824 513 1909 quia
558 1822 651 1886 nil
694 1823 1001 1910 prodesse
1047 1820 1331 1887 docendo
1381 1824 1590 1907 genti,
1656 1822 1740 1887 ad
1785 1843 1981 1908 quam
2025 1824 2258 1887 missus

104 1920 281 1996 erat,
347 1913 691 1999 potuisset,
756 1934 831 1977 eo
878 1910 1047 1997 quod
1110 1920 1325 1977 essent
1388 1911 1677 1977 homines
1721 1910 2144 1976 indomabiles
2192 1922 2260 1976 et

114 2001 328 2066 durae
386 2023 463 2065 ac
520 2000 835 2067 barbarae
896 2002 1147 2065 mentis.
1240 2000 1331 2065 At
1378 2001 1520 2085 illi,.
1565 2011 1636 2065 ut
1693 2000 2064 2087 perhibent,
2125 2009 2259 2065 tra-

106 2099 360 2154 ctatum
405 2111 715 2176 magnum
763 2092 832 2155 in
856 2090 1143 2173 concilio,
1191 2090 1345 2177 quid
1380 2099 1551 2155 esset
1595 2088 1948 2175 agendum,
2013 2088 2255 2155 habere

106 2189 494 2267 coeperunt3
558 2179 997 2246 desiderantes
1024 2179 1290 2266 quidem
1339 2182 1543 2266 genti,
1592 2202 1786 2266 quam
1846 2180 2252 2265 petebantur,

106 2269 302 2334 saluti
348 2291 514 2355 esse,
576 2266 690 2334 sed
737 2268 817 2336 de
862 2293 992 2334 non
1036 2279 1329 2356 recepto,
1394 2291 1588 2355 quem
1633 2271 2002 2353 misserant,
2067 2290 2252 2354 prae·

108 2357 397 2424 dicatore
444 2357 753 2425 dolentes.
840 2357 1011 2423 Tum
1058 2361 1151 2424 ait
1195 2357 1447 2444 Aedan,
1495 2380 1644 2422 nam
1693 2368 1758 2423 et
1802 2358 1941 2444 ipse
1987 2357 2255 2422 concilio

110 2450 439 2530 intererat,
499 2447 581 2511 ad
610 2471 779 2532 eum,
822 2449 903 2513 de
934 2471 1059 2534 quo
1091 2451 1428 2533 agebatur,
1479 2446 1910 2513 sacerdotem:
1959 2445 2258 2512 ‘Videtur

112 2537 296 2620 mihi,
348 2537 575 2622 frater,
640 2540 791 2624 quia
834 2537 1055 2602 durior
1100 2541 1265 2603 iusto
1310 2536 1588 2603 indoctis
1633 2534 2030 2602 auditoribus
2077 2535 2257 2600 fuisti

115 2636 175 2691 et
230 2649 363 2690 non
420 2627 511 2692 eis
564 2629 749 2691 iuxta
801 2626 1223 2713 apostolicam
1279 2625 1685 2712 disciplinam
1742 2629 1950 2713 primo
1996 2626 2098 2692 lac
2143 2625 2253 2690 do·

116 2719 361 2781 ctrinae
404 2715 713 2780 mollioris
758 2717 1126 2802 porrexisti,
1176 2715 1378 2782 donec
1416 2716 1728 2801 paulatim
1763 2717 2026 2780 enutriti
2058 2714 2258 2779 uerbo

115 2803 243 2888 dei,
307 2804 393 2869 ad
452 2805 765 2892 capienda
823 2805 1211 2892 perfectoria
1272 2815 1337 2870 et
1395 2804 1479 2869 ad
1537 2805 1831 2870 facienda
1885 2805 2260 2869 sublimiora

116 2892 216 2959 dei
261 2905 615 2982 praecepta
660 2893 1072 2960 sufficerent!
1143 2892 1287 2973 Quo
1335 2894 1552 2959 audito
1601 2896 1906 2978 omnium,
1956 2897 2066 2981 qui
2113 2916 2258 2957 con-

119 2982 431 3067 sidebant,
480 2981 561 3048 ad
607 2985 819 3070 ipsum
867 3006 981 3048 ora
1013 2993 1077 3049 et
1109 2984 1276 3048 oculi
1324 2985 1640 3067 conuersi,
1689 2982 2054 3068 diligenter,
2105 2981 2258 3069 quid

116 3071 381 3158 diceret,
447 3071 903 3158 discutiebant,
975 3081 1040 3138 et
1083 3075 1294 3160 ipsum
1342 3095 1485 3138 esse
1531 3073 1798 3158 dignum
1859 3074 2255 3158 episcopatu,

117 3159 323 3246 ipsum
368 3160 453 3227 ad
498 3160 879 3228 erudiendos
926 3161 1290 3228 incredulos
1338 3171 1405 3227 et
1449 3161 1741 3227 indoctos
1797 3163 1969 3225 mitti
2022 3160 2258 3225 debere

120 3249 491 3336 decernunt,
561 3254 672 3337 qui
718 3253 929 3336 gratia
976 3251 1409 3337 discretionis,
1481 3273 1646 3337 quae
1691 3253 2004 3316 uirtutum
2048 3258 2258 3312 mater

123 3348 229 3424 est,
279 3350 431 3406 ante
464 3343 679 3406 omnia
708 3341 1019 3427 probatur
1056 3341 1347 3424 inbutus3
1398 3343 1618 3426 sicque
1662 3340 1842 3405 illum
1889 3338 2258 3409 ordinantes

123 3426 198 3490 ad
262 3427 769 3518 praedicandum
838 3432 1173 3498 miserunt.
1280 3429 1412 3508 Qui
1479 3429 1591 3494 ubi
1656 3438 1913 3516 tempus
1983 3428 2256 3514 accepit,

126 3517 277 3584 sicut
338 3521 519 3607 prius
579 3519 1016 3585 moderamine
1077 3518 1508 3603 discretionis,
1579 3521 1672 3584 ita
1727 3517 2139 3604 postmodum
2195 3526 2259 3580 et

126 3611 345 3675 ceteris
392 3610 738 3674 uirtutibus
786 3621 1046 3675 ornatus
1093 3610 1419 3697 apparuit.
