2723 4326
377 161 502 225 152
2287 163 2385 215 111.
2422 162 2515 218 25.

371 337 752 404 caelestibus
801 339 1001 423 signis
1049 336 1426 402 confirmata
1472 339 1651 424 sequi
1696 338 2072 424 perhibetis,
2119 361 2377 426 possem
2405 363 2507 406 re-

371 425 714 514 spondere3
748 428 900 513 quia
929 425 1146 490 multis
1176 427 1245 490 in
1275 424 1510 491 iudicio
1542 427 1901 492 dicentibus
1933 428 2214 512 dominc,
2247 427 2417 515 quod
2438 432 2507 494 in

353 517 626 590 ,nomine
648 518 783 580 eius
813 515 1345 603 prophetauerint
1367 525 1432 580 et
1450 515 1796 582 daemonia
1819 518 2128 582 eiecerint
2147 526 2213 582 et
2228 520 2515 584 uirtutes

371 605 605 671 multas
624 606 914 690 fecerint,
948 627 1373 692 responsurus
1398 606 1482 669 sit
1500 604 1815 690 dominus,
1851 607 2002 692 quia
2024 628 2375 692 numquam
2394 629 2509 672 eos

370 696 622 760 nouerit
654 691 766 780 (cf.
800 693 1154 762 eu..Matth.
1191 695 1249 778 7,
1279 692 1592 780 22—23).
1640 692 1774 760 Sed
1803 696 1993 778 absit,
2026 705 2097 760 ut
2124 695 2245 760 hoc
2277 693 2358 761 de
2388 719 2502 783 pa-

358 785 578 858 ‚tribus
623 779 857 849 uestris
903 781 1134 867 dicam,
1182 785 1334 869 quia
1378 784 1605 848 iustius
1650 784 1853 849 multo
1886 793 1984 849 est
2028 783 2110 849 de
2155 786 2508 870 incognitis

370 874 610 938 bonum
653 872 914 938 credere
962 895 1153 958 quam
1200 871 1460 937 malum.
1549 872 1736 937 Vnde
1784 882 1849 938 et
1894 873 2035 938 illos
2081 872 2183 938 dei
2228 872 2511 939 famulos

369 984 448 1026 ac
479 962 596 1027 deo
628 961 895 1027 dilectos
937 984 1075 1026 esse
1105 982 1233 1026 non
1262 982 1453 1046 nego,
1502 964 1612 1048 qui
1645 961 2056 1048 simplicitate
2085 964 2343 1048 rustica,
2390 962 2509 1028 sed

370 1052 721 1115 intentione
765 1053 874 1136 pia
919 1049 1113 1115 deum
1159 1049 1542 1119 dilexerunt.
1632 1050 1865 1137 Neque
1909 1051 2032 1116 illis
2078 1051 2348 1116 multum
2396 1053 2505 1118 ob-

373 1161 514 1206 esse
569 1163 717 1206 reor
769 1139 964 1205 talem
1022 1139 1302 1226 paschae
1365 1141 1872 1225 obseruantiam,
1932 1138 2236 1226 quamdiu
2294 1141 2513 1206 nullus

371 1229 745 1312 aduenerat,
792 1230 901 1315 qui
949 1230 1040 1292 eis
1083 1229 1360 1292 instituti
1404 1230 1809 1316 perfectioris
1855 1229 2137 1312 decreta,
2194 1251 2359 1316 quae
2404 1252 2502 1294 se-

374 1328 749 1404 querentur,
811 1315 1203 1382 ostenderet:
1267 1339 1427 1404 quos
1471 1319 1694 1404 utique
1740 1318 1934 1385 credo
1944 1368 1962 1402 ,
2010 1319 2177 1405 siqui
2221 1330 2376 1383 tunc
2419 1317 2507 1384 ad

374 1429 482 1471 eos
529 1405 877 1472 catholicus
925 1406 1276 1471 calculator
1319 1405 1675 1490 adueniret,
1725 1409 1818 1473 sic
1851 1410 1987 1474 eius
2017 1409 2263 1473 monita
2307 1407 2517 1473 fuisse

373 1504 723 1573 secuturos,
771 1494 1089 1582 quomodo
1126 1517 1223 1580 ea,
1272 1517 1437 1582 quae
1484 1505 1799 1562 nouerant
1844 1519 1920 1562 ac
1967 1496 2345 1580 didicerant,
2394 1495 2505 1562 dei

373 1584 675 1650 mandata
720 1586 1075 1670 probantur
1120 1584 1316 1649 fuisse
1365 1587 1585 1650 secuti.
1658 1586 1763 1651 Tu
1809 1596 2026 1650 autem
2072 1595 2137 1650 et
2182 1587 2340 1650 socii
2384 1589 2511 1671 tui,

373 1675 428 1738 si
469 1673 690 1739 audita
736 1673 996 1738 decreta
1039 1671 1206 1738 sedis
1252 1675 1672 1761 apostolicae,
1728 1676 1924 1740 immo
1970 1675 2353 1740 uniuersalis
2398 1697 2503 1741 ec-

314 1832 326 1839 ,
374 1763 624 1848 clesiae,
673 1773 738 1828 et
771 1761 931 1829 haec
961 1763 1192 1827 litteris
1226 1765 1424 1828 sacris
1458 1763 1835 1828 confirmata
1866 1765 2045 1849 sequi
2078 1765 2516 1849 contemnitis,

372 1853 616 1938 absque
674 1852 799 1916 ulla
858 1851 1255 1917 dubitatione
1311 1853 1619 1939 peccatis.
1708 1853 1854 1918 Etsi
1912 1853 2082 1918 enim
2143 1862 2361 1940 patres
2407 1856 2505 1918 tui

374 1943 579 2006 sancti
621 1941 907 2024 fuerunt,
955 1941 1266 2027 numquid
1309 1943 1689 2020 uniuersali,
1737 1964 1900 2028 quae
1944 1964 2065 2028 per
2110 1943 2333 2008 orbem
2384 1953 2512 2027 est,

375 2030 683 2095 ecclesiae
731 2027 971 2095 Christi
1030 2051 1252 2094 eorum
1313 2039 1413 2095 est
1472 2032 1763 2117 paucitas
1809 2053 1935 2096 uno
1984 2029 2061 2096 de
2107 2030 2345 2115 angulo
2390 2053 2502 2095 ex-

368 2121 599 2186 1111666
644 2119 888 2185 insulae
933 2116 1399 2207 praeferenda?
1446 2119 1535 2185 Et
1566 2121 1620 2185 si
1666 2131 1923 2186 sanctus
1970 2129 2112 2185 erat
2146 2143 2224 2186 66
2274 2128 2519 2207 potens

369 2210 714 2275 uirtutibus
754 2210 860 2275 ille
908 2207 1222 2274 Columba
1266 2218 1505 2292 uester,
1551 2211 1750 2275 immo
1798 2220 1864 2275 et
1909 2220 2129 2274 noster
2175 2212 2231 2274 si
2263 2208 2507 2275 Christi

362 2308 540 2385 erat,
604 2298 916 2385 numquid
984 2298 1298 2385 praeferri
1355 2300 1565 2385 potuit
1622 2300 1998 2363 beatissimo
2067 2298 2511 2385 apostolorum

369 2390 676 2475 principi,
735 2389 836 2452 cui
885 2385 1180 2451 dominus
1227 2388 1317 2451 ait
1364 2385 1487 2473 (eu.
1535 2386 1758 2453 Mam».
1812 2390 1915 2471 16,
1968 2385 2287 2465 18—19):
2357 2387 2509 2473 „Tu

373 2500 442 2543 es
503 2478 763 2562 Petrus,
836 2486 900 2541 et
958 2499 1150 2563 super
1206 2474 1372 2541 hanc
1435 2486 1688 2564 petram
1750 2476 2103 2542 aedificabo
2164 2475 2507 2544 ecclesiam

372 2589 607 2651 meam,
670 2574 735 2631 et
780 2574 1004 2652 portae
1048 2565 1239 2629 inferi
1284 2588 1413 2630 non
1468 2566 1932 2652 praeualebunt
1977 2566 2285 2631 aduersus
2338 2588 2518 2650 eam,

370 2663 436 2720 et
479 2656 596 2720 tibi
643 2654 808 2720 dabo
855 2655 1066 2719 claues
1091 2655 1300 2739 'regni
1346 2652 1710 2719 caelorum“
1728 2654 1761 2719 Ῥ

547 2744 734 2809 Η666
765 2752 1107 2830 perorante
1139 2740 1441 2828 Vilfrido,
1472 2743 1634 2808 dixit
1663 2765 1809 2808 rex:
1845 2741 2141 2827 ‘Verene,
2175 2741 2518 2825 Colmane,

371 2832 532 2897 haec
590 2832 683 2897 1111
729 2832 922 2897 Petro
984 2831 1156 2897 dicta
1215 2843 1365 2898 sunt
1423 2857 1464 2898 a
1522 2831 1847 2897 domino?’
1940 2829 2068 2909 Qui
2124 2833 2241 2896 ait:
2295 2830 2514 2913 ‘Vere,

369 2922 530 2988 rex.'
591 2921 683 2985 At
711 2920 848 2986 ille:
899 2921 1214 2986 ‘Habetis'
1264 2923 1475 3008 inquit
1524 2921 1655 2986 ‘uos
1689 2922 1980 3008 proferre
2011 2918 2253 3007 aliquid
2285 2929 2514 2986 tantae

372 3013 708 3097 potestatis
756 3020 974 3075 uestro
1023 3009 1377 3076 Columbae
1424 3010 1642 3075 datum
1656 3009 1712 3073 ‘3’
1803 3011 1897 3075 At
1941 3012 2031 3075 ait
2076 3010 2212 3075 ille:
2263 3006 2518 3073 ‘Nihils

372 3098 650 3164 Rursum
693 3121 835 3164 rex:
885 3097 979 3165 ‘Si
1025 3101 1279 3185 utrique
1326 3100 1633 3164 uestrum'
1681 3100 1891 3185 inquit
1938 3100 2026 3164 ‘in
2055 3099 2176 3163 hoc
2208 3099 2344 3162 sine
2377 3098 2523 3163 ulla

361 3191 808 3254 controuersia
867 3190 1299 3267 consentiunt,
1361 3188 1533 3274 quod
1592 3187 1754 3253 haec
1810 3188 2251 3276 principaliter
2310 3186 2515 3251 Petro

373 3276 544 3343 dicta
591 3290 655 3343 et
700 3281 760 3343 ei
806 3277 1018 3343 claues
1066 3279 1254 3361 regni
1299 3278 1619 3342 caelorum
1668 3279 1797 3341 sint
1842 3278 2043 3343 datae*
2078 3299 2117 3341 6
2180 3274 2507 3341 domino?²

371 3366 894 3454 Responderuntz
962 3366 1221 3431 ‘Etiam'
1287 3367 1567 3453 utrique.
1685 3365 1777 3430 At
1837 3366 1943 3431 ille
2006 3367 2101 3430 ita
2164 3364 2515 3430 conclusit:

377 3456 485 3521 ‘Et
531 3478 654 3542 ego
700 3456 884 3521 uobis
932 3455 1103 3539 dico,
1168 3457 1320 3541 quia
1378 3455 1483 3521 hic
1528 3466 1627 3520 est
1688 3457 1986 3520 ostiarius
2030 3455 2164 3537 ille,
2234 3454 2337 3518 cui
2384 3476 2517 3539 ego

377 3544 815 3611 contradicere
861 3544 1036 3629 nolo;
1084 3544 1218 3625 sed,
1266 3546 1332 3609 in
1366 3555 1675 3631 quantum
1723 3546 1873 3609 noui
1918 3543 2021 3609 uel
2066 3542 2272 3627 ualeo,
2320 3542 2518 3607 huius

379 3636 564 3720 cupio
597 3636 661 3698 in
692 3634 985 3698 omnibus
1016 3632 1317 3698 oboedire
1347 3636 1630 3717 statutis3
1679 3656 1761 3699 ne
1793 3635 1960 3699 forte
1990 3655 2095 3697 1116
2124 3630 2519 3698 adueniente

377 3720 460 3785 ad
506 3723 677 3786 fores
721 3724 909 3806 regni
955 3722 1298 3807 caelorum,
1346 3745 1475 3787 non
1522 3725 1605 3787 sit
1651 3725 1760 3808 qui
1808 3731 2072 3806 reserat,
2122 3744 2351 3787 auerso
2375 3720 2515 3804 illo,

379 3811 490 3896 qui
536 3810 746 3874 claues
791 3821 1012 3883 tenere
1058 3812 1412 3898 probatur!
