2723 4326
177 232 310 284 1111.
339 223 577 286 ‘28—29.
2194 237 2320 300 221

181 407 472 474 adsiduis
531 419 597 474 et
655 408 1199 474 admonitionibus
1260 408 1694 474 saluberrimis
1740 409 1825 476 ad
1870 411 2175 477 caelestia
2218 435 2328 476 uo-

181 498 400 567 cabat.
490 497 600 581 Et,
648 497 820 583 quod
863 498 1146 563 maxime
1176 496 1471 565 doctores
1515 501 1739 564 iuuare
1786 500 1967 583 solet,
2015 522 2113 584 ea,
2164 522 2328 585 quae

182 586 441 672 agenda
487 587 782 670 docebat,
829 588 970 674 ipse
1014 588 1194 674 prius
1241 585 1495 673 agendo
1527 588 2104 674 praemonstrabat.
2167 589 2331 654 Erat

185 678 428 764 quippe
471 685 626 741 ante
673 677 888 741 omnia
933 677 1192 741 diuinae
1225 678 1513 742 caritatis
1543 679 1695 762 igne
1727 676 2035 761 semidae,
2082 679 2328 765 patien-

183 769 318 831 tiae
363 766 606 831 uirtute
665 765 992 831 modestus
1013 816 1031 849 ,
1099 769 1461 830 orationum
1516 765 1849 832 deuotioni
1913 767 2329 833 solertissime

182 858 493 938 intentus,
541 853 817 920 affabilis
864 855 1176 940 omnibus,
1222 857 1332 941 qui
1378 855 1461 920 ad
1508 877 1577 920 se
1622 856 2073 921 consolationis
2119 858 2333 942 gratia

185 944 566 1026 ueniebant3
615 943 738 1008 hoc
795 945 1007 1029 ipsum
1063 965 1316 1030 quoque
1374 946 1679 1010 orationis
1739 945 1879 1010 loco
1937 944 2205 1030 ducens,
2277 948 2332 1010 si

185 1032 458 1098 infirmis
491 1033 798 1098 fratribus
824 1055 1015 1119 opem
1046 1056 1199 1098 suae
1225 1031 1689 1099 exhortationis
1720 1034 2066 1118 tribueret3
2102 1037 2331 1119 sciens,

186 1124 359 1208 quia,
407 1123 520 1204 qui
564 1121 728 1187 dixit
775 1119 1140 1208 (Denter-on.
1181 1125 1241 1210 6„
1270 1125 1330 1206 5,
1366 1143 1459 1190 eu.
1493 1122 1696 1187 Marc.
1736 1126 1837 1206 12,
1862 1124 2007 1208 30):
2058 1124 2333 1207 ‘Diliges

187 1213 519 1278 dominum
566 1209 755 1276 deum
802 1215 1028 1294 tuum’,
1055 1210 1219 1275 dixit
1265 1221 1330 1275 et
1361 1209 1485 1297 (eu.
1518 1211 1743 1276 Matth.
1785 1214 1885 1296 19,
1915 1215 2015 1278 19.
2051 1215 2157 1297 22,
2188 1214 2330 1296 39):

191 1299 472 1386 ‘Diliges
518 1303 929 1388 proximum’.
1041 1299 1206 1365 Erat
1261 1300 1691 1366 abstinentiae
1760 1303 2185 1388 castigatione
2240 1305 2335 1366 in-

191 1390 415 1473 signis,
464 1399 605 1454 erat
652 1390 867 1474 gratia
915 1390 1425 1476 compunctionis
1468 1413 1721 1477 semper
1754 1389 1837 1456 ad
1870 1392 2173 1457 caelestia
2204 1413 2335 1455 sus-

189 1501 446 1565 pensus.
543 1478 845 1563 Denique
893 1501 1039 1544 cum
1087 1478 1474 1544 sacrificium
1519 1480 1639 1545 deo
1684 1482 1989 1546 uictimae
2036 1481 2335 1546 salutaris

189 1568 470 1653 offerret,
519 1590 650 1632 non
696 1569 950 1633 eleuata
994 1569 1063 1631 in
1109 1568 1311 1633 altum
1357 1590 1539 1652 uoce,
1590 1569 1704 1634 sed
1749 1569 2029 1656 profusis
2078 1593 2161 1635 ex
2205 1571 2334 1634 imo

189 1666 456 1744 pectore
502 1657 804 1740 lacrimiS,
856 1654 1113 1722 domino
1161 1679 1276 1721 sua
1322 1666 1476 1722 uota
1522 1656 2030 1723 commendabat.

1211 1796 1367 1885 [27]ὁ

373 1912 645 1979 Duobus
694 1923 916 1978 autem
963 1915 1160 1978 annis
1213 1916 1282 1978 in
1328 1915 1705 2002 episcopatu
1750 1916 2032 2000 peractis
2077 1915 2340 2003 repetiit

193 2001 474 2068 insulam
519 2025 598 2067 ac
640 2005 1101 2068 monasterium
1149 2025 1355 2087 suum,
1406 2001 1619 2068 diuino
1665 2001 2026 2070 admonitus
2060 2006 2338 2089 oracu10,

196 2094 350 2181 quia
395 2090 532 2157 dies
581 2091 704 2156 sibi
749 2093 974 2156 mortis
1033 2091 1140 2158 uel
1197 2094 1371 2158 uitae
1431 2095 1642 2179 magis
1698 2093 1865 2157 illius
1885 2143 1903 2176 ,
1970 2115 2136 2180 quae
2200 2093 2336 2158 sola

190 2185 332 2247 uita
377 2180 653 2248 dicenda
707 2190 838 2265 est,
902 2184 1033 2246 iam
1098 2180 1512 2269 adpropiaret
1573 2184 1906 2249 introitus:
1978 2186 2145 2247 sicut
2197 2185 2335 2269 ipse

190 2293 449 2357 quoque
495 2279 787 2358 tempore
834 2270 1065 2335 eodem
1127 2271 1476 2355 nonnullis,
1536 2271 1651 2337 sed
1696 2273 1911 2337 uerbis
1957 2272 2335 2337 obscuriori-

189 2361 341 2444 bus,
410 2383 576 2446 quae
635 2372 852 2424 tamen
911 2361 1319 2445 postmodum
1379 2361 1721 2427 manifeste
1784 2361 2333 2447 intellegerentur,

190 2449 382 2514 solita
449 2449 573 2513 sibi
635 2449 1048 2536 simplicitate
1106 2448 1467 2537 pandebat3
1522 2449 1903 2536 quibusdam
1950 2459 2167 2515 autem
2213 2449 2336 2515 hoc

189 2536 366 2603 idem
413 2540 612 2603 etiam
656 2538 1004 2603 manifeste
1048 2538 1403 2604 reuelabat.

1215 2682 1318 2745 29.

193 2794 274 2849 Vt
311 2793 475 2848 idem
514 2792 637 2847 iam
663 2792 990 2861 episcopus
1027 2793 1264 2849 obitum
1303 2808 1480 2849 suum
1515 2793 1797 2863 proxime
1837 2792 2115 2848 futurum
2154 2792 2335 2849 Heri-

727 2881 943 2937 bercto
983 2882 1356 2937 anchoretae
1394 2881 1812 2950 praedixerit.

252 3002 266 3019 ‘
371 2988 538 3053 Erat
584 2990 754 3053 enim
800 2988 1143 3075 presbyter
1188 2990 1365 3053 uitae
1409 2990 1795 3054 uenerabilis
1842 2990 2098 3073 nomine
2129 2989 2335 3055 Here-

191 3080 400 3161 berct,
446 3076 821 3143 iamdudum
869 3080 1010 3142 uiro
1055 3078 1160 3143 dei
1205 3079 1515 3164 spiritalis
1561 3080 1880 3144 amicitiae
1928 3078 2188 3145 foedere
2230 3100 2333 3143 co-

191 3168 484 3257 pulatus3
542 3168 684 3252 qui,
731 3169 799 3231 in
840 3166 1047 3231 insula
1101 3169 1316 3253 stagni
1372 3167 1540 3232 illius
1598 3165 2009 3254 pergrandis,
2071 3165 2151 3232 de
2208 3189 2334 3253 quo

193 3256 701 3321 Deruuentionis
760 3255 916 3320 fluui
983 3255 1336 3342 primordia
1408 3266 1775 3343 erumpunt,
1832 3258 2037 3321 uitam
2094 3256 2335 3322 ducens

195 3346 557 3410 solitariam
579 3393 598 3429 ,
656 3347 838 3410 annis
893 3345 1163 3429 singulis
1223 3368 1370 3411 eum
1416 3347 1682 3410 uisitare
1728 3356 1793 3409 et
1838 3347 2083 3409 monita
2126 3345 2210 3411 ab
2258 3368 2335 3410 eo

192 3442 549 3521 perpetuae
595 3434 818 3499 salutis
863 3433 1088 3500 audire
1133 3435 1403 3499 solebat.
1494 3433 1626 3499 Hic
1683 3456 1831 3499 cum
1888 3433 2137 3498 audiret
2182 3456 2335 3500 eum

194 3521 278 3587 ad
323 3524 654 3589 ciuitatem
698 3520 1133 3608 Lugubaliam
1179 3520 1545 3606 deuenisse,
1602 3526 1781 3587 uenit
1846 3545 1930 3587 ex
1980 3544 2179 3607 more,
2228 3544 2334 3587 cu-

192 3614 378 3697 piens
411 3611 796 3681 salutaribus
827 3613 964 3677 eius
997 3612 1549 3677 exhortationibus
1580 3612 1663 3677 ad
1696 3634 1974 3697 superna
2015 3609 2335 3677 desideria

194 3702 406 3785 magis
453 3700 790 3787 magisque
835 3699 1118 3766 accendi.
1214 3699 1342 3780 Qui
1390 3699 1544 3765 dum
1591 3723 1729 3766 sese
1776 3699 2161 3766 alterutrum
2189 3722 2332 3767 cae-

193 3790 377 3855 lestis
423 3790 598 3855 uitae
687 3790 888 3855 oculis
934 3788 1302 3855 debriarent
1317 3841 1336 3875 ,
1408 3788 1573 3855 dixit
1625 3791 1791 3855 inter
1850 3788 1977 3855 alia
2030 3791 2330 3856 antistes:

197 3877 568 3961 ‘Mement0,
617 3812 818 3943 ἕπει·
862 3876 1232 3964 Heriberct,
1282 3889 1354 3944 ut
1400 3877 1612 3963 modo,
1662 3879 1967 3966 quicquid
2021 3902 2181 3967 opus
2224 3880 2334 3944 ha-
