2723 4326
187 170 273 225 ΙΙΙ.
310 173 390 227 14.
2186 176 2311 239 125

1200 492 1300 555 14.

189 647 298 715 Vt,
349 648 646 705 defuncto
683 649 982 718 Paulino,
1037 650 1321 705 [thamar
1370 665 1486 719 pro
1524 662 1593 705 eo
1632 650 1963 706 Hrofensis
2014 650 2315 706 ecclesiae

256 738 682 806 praesulatum
719 738 1100 807 susceperim
1141 740 1208 795 et
1243 740 1320 795 de
1355 739 1715 795 humifitate
1754 738 2035 795 mirabili
2070 738 2245 807 regis

375 826 618 895 Ostiiui,
660 826 766 895 qui
805 829 880 883 ab
919 827 1111 884 osuiu
1149 828 1394 884 crudeli
1432 829 1617 885 caede
1652 829 1967 899 peremtus
2004 828 2125 883 est.

365 970 710 1037 Translate
755 994 912 1058 ergo
959 972 1044 1037 ad
1087 974 1392 1039 caelestia
1436 995 1640 1059 regna
1683 970 1989 1056 Osualdo,
2036 974 2318 1059 suscepit

187 1061 372 1145 regni
427 1062 754 1125 terrestris
809 1062 1030 1126 sedem
1087 1085 1206 1148 pro
1253 1084 1328 1126 eo
1375 1063 1576 1127 frater
1624 1064 1760 1128 eius
1808 1060 2015 1129 Osuiu
2068 1064 2317 1127 iuuenis

187 1147 398 1213 XXX
445 1150 702 1215 circiter
743 1172 1056 1215 annorum
1103 1161 1166 1215 et
1209 1174 1325 1237 per
1371 1173 1573 1217 annos
1614 1150 1915 1217 XXVIII
1956 1152 2319 1215 laboriosis·

189 1240 346 1303 sime
395 1240 633 1323 tenuit,
694 1240 1086 1326 inpugnatus
1133 1238 1438 1305 uidelicet
1485 1252 1550 1305 et
1580 1241 1662 1305 ab
1696 1263 1791 1324 ea,
1840 1263 2007 1327 quae
2050 1240 2318 1305 fratrem

190 1329 322 1391 eius
369 1327 718 1412 occiderat,
764 1350 1020 1415 pagana
1067 1339 1263 1413 gente
1293 1328 1687 1395 Marciorum
1720 1340 1787 1395 et
1815 1353 1856 1395 a
1890 1328 2021 1395 filio
2067 1351 2319 1416 quoque

187 1439 298 1480 suo
344 1414 705 1500 Alchfrid0‚
752 1440 874 1483 nec
895 1441 1021 1482 non
1055 1427 1122 1483 et
1153 1440 1193 1481 a
1227 1418 1493 1503 fratruO,
1544 1418 1609 1483 id
1636 1428 1736 1484 est
1781 1420 1998 1485 fratris
2046 1420 2162 1502 sui,
2212 1419 2321 1505 qui

177 1515 334 1570 ante
383 1528 534 1569 eum
579 1510 879 1591 regnauit
923 1506 1054 1571 filio
1103 1505 1493 1573 Oidilualdo.

363 1591 565 1658 Cuius
613 1618 779 1659 anno
829 1596 1136 1681 secunde,
1193 1595 1316 1663 hoc
1364 1606 1461 1661 est
1506 1598 1588 1661 ab
1635 1597 2075 1662 incarnatione
2121 1596 2321 1661 domi-

187 1684 330 1747 nica
396 1705 564 1749 anno
607 1682 1024 1749 DOXLIIII.
1038 1736 1056 1770 ,
1121 1688 1677 1751 reuerentissimus
1743 1695 1929 1771 pater
1995 1684 2320 1769 Paulinae,

183 1770 511 1857 qnondam
574 1772 832 1858 quidem
877 1773 1338 1858 Eburacensis,
1406 1772 1521 1840 sed
1582 1783 1736 1839 tunc
1792 1773 2133 1837 Hrofensis
2192 1773 2322 1860 epi-

188 1884 419 1948 scopus
467 1863 767 1947 ciuitatis,
814 1863 1115 1927 transiuit
1159 1862 1241 1929 ad
1287 1864 1614 1929 dominum
1647 1873 1830 1927 sexto
1859 1861 2095 1927 Iduum
2127 1860 2321 1929 Octo-

187 1949 400 2013 brium
440 1950 574 2015 die:
624 1952 733 2036 qui
763 1950 833 2015 X
865 1962 932 2017 et
963 1951 1171 2017 VIIII
1200 1974 1419 2037 annos,
1469 1974 1721 2017 menses
1741 1950 1933 2035 duos,
1979 1952 2114 2017 dies
2145 1950 2323 2015 XXI

187 2040 628 2126 episcopatum
688 2043 922 2125 tenuit3
984 2041 1399 2128 sepultusque
1460 2051 1558 2107 est
1616 2042 1684 2105 in
1744 2042 2087 2106 secretario
2152 2042 2323 2105 beati

189 2128 464 2215 apostoli
512 2127 834 2214 Andreae,
891 2129 1061 2216 quod
1107 2152 1222 2196 rex
1267 2128 1647 2196 Aedilberct
1690 2152 1732 2194 a
1777 2127 2210 2196 fundamentis
2256 2131 2323 2194 in

191 2218 418 2283 eadem
451 2216 640 2283 Hrofi
687 2221 948 2284 ciuitate
995 2223 1372 2286 construxit.
1435 2221 1515 2286 In
1546 2222 1723 2284 cuius
1753 2220 1962 2284 locum
1994 2217 2321 2287 Honorius

187 2306 712 2394 archiepiscopus
773 2306 1094 2374 ordinauit
1160 2308 1457 2374 Ithamar
1526 2308 1865 2374 oriundum
1923 2306 2181 2394 quidem
2242 2305 2323 2373 de

189 2406 386 2479 gente
419 2394 933 2482 Cantuariorum,
984 2397 1096 2462 sed
1127 2400 1265 2463 uita
1295 2409 1361 2464 et
1408 2397 1766 2463 eruditione
1811 2396 2322 2463 antecessoribus

193 2487 320 2549 suis
370 2485 796 2570 aequandum.

367 2573 620 2638 Habuit
682 2585 899 2640 autem
963 2574 1169 2640 Osuiu
1234 2577 1461 2662 primis
1519 2577 1709 2661 regni
1771 2576 1868 2640 sui
1924 2573 2321 2661 temporibus

180 2672 556 2728 consortem
600 2665 819 2748 regiae
888 2664 1223 2749 dignitatis
1293 2663 1607 2730 uocabulo
1656 2663 1917 2747 Osuini,
1982 2663 2063 2728 de
2120 2663 2321 2749 stirpe

191 2753 366 2836 regis
409 2751 714 2836 Aeduini,
761 2752 884 2818 hoc
932 2763 1028 2817 est
1072 2751 1274 2817 filium
1303 2750 1537 2838 Osrici,
1585 2753 1666 2818 de
1712 2776 1838 2840 quo
1885 2775 2081 2838 supra
2122 2761 2321 2817 rettu-

188 2841 400 2923 limus,
447 2843 660 2906 uirum
708 2843 985 2906 eximiae
1017 2844 1276 2928 pietatis
1309 2852 1376 2907 et
1406 2843 1763 2928 religionis:
1815 2844 1923 2928 qui
1952 2843 2323 2929 prouinciae

189 2927 517 2994 Derorum
574 2943 824 3016 septem
879 2932 1062 2995 annis
1107 2933 1173 2995 in
1219 2933 1505 2995 maxima
1550 2933 1836 2996 omnium
1880 2954 2095 2996 rerum
2140 2929 2320 2996 afflu-

193 3021 388 3100 entia,
454 3028 518 3084 et
561 3021 699 3105 ipse
745 3020 1038 3084 amabilis
1095 3019 1389 3084 omnibus
1442 3021 1742 3107 praefuit.
1834 3019 1965 3086 Sed
2010 3043 2130 3085 nec
2176 3043 2322 3084 cum

195 3129 265 3172 eo
309 3107 449 3192 ille,
512 3110 622 3194 qui
677 3118 956 3173 ceteram
1005 3107 1615 3173 Transhumbranae
1674 3109 1883 3193 gentis
1944 3119 2194 3193 partem
2240 3107 2321 3171 ab

195 3194 532 3282 Aquilone,
579 3194 644 3260 id
677 3207 774 3262 est
803 3197 1246 3262 Berniciorum
1278 3199 1696 3284 prouinciam,
1742 3196 2033 3281 regebat,
2083 3195 2323 3262 habere

195 3305 420 3369 pacem
464 3287 702 3372 potuit3
752 3288 904 3373 quin
927 3289 1158 3372 potius,
1200 3287 1779 3371 ingrauiscentibus
1826 3286 2034 3349 causis
2080 3285 2320 3349 dissen-

198 3375 473 3460 sionum,
532 3376 898 3440 miserrima
941 3375 1110 3441 hunc
1157 3376 1356 3441 caede
1402 3377 1697 3462 peremit.
1791 3371 2126 3459 Siquidem
2172 3396 2325 3438 con-

199 3472 465 3548 gregato
514 3473 736 3528 contra
780 3464 1059 3529 inuicem
1109 3467 1429 3548 exercitu,
1489 3486 1634 3528 cum
1680 3461 1931 3527 uideret
1978 3484 2046 3526 se
2093 3459 2324 3528 Osui'ni

201 3573 339 3616 cum
362 3551 514 3635 .illo,
564 3553 674 3639 qui
719 3553 936 3639 plures
983 3553 1265 3618 habebat
1308 3553 1701 3634 auxiliariOS‚
1747 3573 1877 3616 non
1922 3573 2109 3638 posse
2154 3552 2323 3617 bello

199 3640 572 3726 confligere,
634 3651 812 3706 ratus
859 3651 959 3706 est
1012 3643 1230 3707 utilius
1277 3652 1430 3707 tunc
1474 3641 1755 3706 demissa
1796 3642 2149 3706 intentione
2193 3641 2323 3706 bel-

199 3727 385 3813 landi,
433 3752 697 3796 seruare
728 3753 797 3795 se
829 3729 910 3794 ad
941 3740 1234 3818 tempora
1265 3731 1551 3796 meliora.
1614 3730 1888 3795 Remisit
1935 3752 2092 3815 ergo
2141 3753 2321 3796 exer·

189 3819 419 3903 citum,
485 3841 677 3908 quem
737 3829 1276 3906 congregauerat,
1337 3843 1415 3886 ac
1462 3819 1748 3906 singulos
1792 3819 2052 3902 domum
2110 3819 2321 3884 redire
