2723 4326
179 175 220 227 1.
269 177 354 230 15,
2232 177 2319 242 23

1208 353 1310 418 15.

183 459 266 514 vt
304 457 581 513 limitata
605 457 985 514 BrIttanlam
1018 471 1170 526 gens
1196 456 1561 526 Anglorum,
1601 457 1804 526 prtmo
1831 457 2075 526 quidem
2100 458 2320 514 aduer-

183 529 394 586 sarios
429 530 682 598 longius
719 528 984 585 eiecerit
992 545 1016 596 ς
1068 529 1174 584 sed
1218 544 1340 584 non
1376 529 1573 584 multo
1609 529 1754 598 post
1792 528 2009 586 iuncto
2046 543 2183 586 cum
2218 528 2319 585 his

688 600 940 656 foedere
977 599 1044 655 ln
1083 599 1286 656 socios
1325 614 1497 655 arma
1535 599 1834 656 uerterlt.

367 708 558 774 Anno
603 709 686 774 ab
731 711 1165 774 incarnatione
1210 710 1452 775 domini
1498 709 2111 795 quadringentisimo
2173 731 2323 796 qua·

184 797 555 882 dragesimo
633 820 799 863 nono
875 797 1244 863 Marcianus
1319 820 1467 862 cum
1542 798 1985 863 Valentiniano
2056 795 2324 883 quadra-

186 889 478 973 gesimus
525 897 744 952 sextus
791 887 873 952 ab
904 886 1206 972 Augusto
1249 908 1526 972 regnum
1558 887 1827 974 adeptus
1858 895 2109 974 septem
2138 889 2325 952 annis

185 978 417 1041 tenuit.
512 975 698 1041 Tunc
745 975 1104 1062 Anglorum
1159 977 1296 1042 siue
1343 973 1675 1044 Saxonum
1722 997 1915 1061 genS,
1968 976 2240 1040 inuitata
2285 999 2327 1041 a

185 1088 348 1150 rege
407 1064 696 1153 praefato
715 1113 732 1146 ‚
797 1067 862 1129 in
917 1064 1309 1130 Brittaniam
1364 1066 1571 1130 tribus
1629 1065 1840 1150 longis
1898 1065 2171 1129 nauibus
2216 1065 2323 1130 ad·

187 1153 465 1237 uehitur,
515 1163 580 1219 et
624 1154 691 1219 in
736 1155 1030 1220 orientali
1073 1163 1260 1242 parte
1306 1155 1555 1220 insulae
1600 1154 1863 1219 iubente
1894 1153 2123 1219 eodem
2166 1176 2325 1239 rege

187 1243 405 1308 locum
462 1243 796 1328 manendi,
855 1245 1036 1332 quasi
1095 1265 1212 1330 pro
1257 1245 1471 1330 patria
1515 1253 1908 1331 pugnatura,
1973 1265 2044 1306 re
2106 1251 2325 1308 autem

187 1354 346 1396 uera
404 1332 572 1398 hanc
627 1342 1110 1419 expugnatura,
1171 1334 1458 1419 suscipit.
1550 1330 1723 1397 Inito
1769 1353 1925 1418 ergo
1972 1333 2326 1397 certamine

189 1443 340 1486 cum
385 1420 696 1503 hostibus,
787 1423 854 1486 ui
885 1421 966 1486 ab
998 1420 1321 1508 Aquilone
1366 1419 1448 1488 ad
1488 1422 1693 1486 aciem
1739 1431 2074 1506 uenerant,
2120 1421 2319 1486 uicto-

186 1512 356 1576 riam
411 1533 698 1576 sumsere
805 1531 1065 1576 axoneS.
1159 1507 1348 1588 Quod
1408 1510 1521 1575 ubi
1576 1508 1749 1575 domi
1794 1512 2159 1577 nuntiatum
2206 1520 2323 1595 est,

189 1599 384 1666 simul
429 1609 494 1665 et
540 1600 787 1664 insulae
831 1599 1134 1665 fertilitas
1165 1622 1242 1664 ac
1275 1601 1554 1684 segnitia
1580 1597 1998 1664 Brettonum:
2047 1599 2326 1664 mittitur

189 1690 534 1754 confestim
581 1688 689 1753 illo
737 1689 958 1754 classis
1003 1689 1313 1776 prolixior
1357 1698 1753 1753 armatorum
1799 1688 2014 1754 ferens
2062 1711 2324 1753 manum

189 1778 550 1860 fortiorem,
601 1800 766 1866 quae
810 1780 1206 1864 praemissae
1250 1778 1555 1844 adiuncta
1592 1776 1840 1842 cohorti
1886 1776 2326 1843 inuincibilem

190 1867 349 1933 fecit
397 1869 773 1932 exercitum.
870 1865 1309 1955 Susceperunt
1356 1888 1512 1951 ergo
1527 1917 1545 1951 ,
1595 1869 1705 1952 qui
1750 1867 2168 1951 aduenerant,
2219 1864 2327 1931 do-

189 1957 497 2022 nantibus
528 1955 862 2040 Brittanis,
911 1956 1125 2020 locum
1164 1955 1581 2021 habitationis
1612 1959 1782 2020 inter
1812 1978 1941 2039 eos,
1989 1978 2067 2021 ea
2112 1956 2324 2021 condi·

191 2048 398 2130 cione,
447 2054 518 2109 ut
561 2045 631 2110 hi
676 2068 792 2132 pro
838 2047 1087 2131 patriae
1131 2067 1294 2133 pace
1336 2054 1402 2110 et
1434 2044 1639 2110 salute
1671 2054 1892 2111 contra
1922 2044 2324 2109 aduersarios

190 2136 570 2219 militarent,
619 2135 710 2201 illi
757 2133 1182 2202 militantibus
1229 2133 1449 2201 debita
1493 2133 1815 2222 stipendia
1860 2132 2246 2200 conferrent.

372 2223 790 2289 Aduenerant
834 2234 1051 2291 autem
1099 2223 1180 2289 de
1226 2226 1434 2289 tribus
1467 2222 1861 2291 Germaniae
1906 2224 2161 2311 populis
2205 2221 2331 2287 for·

192 2314 468 2380 tioribus
482 2364 500 2399 ,
568 2312 634 2377 id
684 2312 789 2379 'est
843 2312 1241 2397 Saxonibus‚
1287 2313 1555 2399 Anglis,
1604 2313 1785 2378 Iutis.
1876 2311 1982 2378 De
2037 2311 2332 2378 Iutarum

191 2404 446 2488 origine
479 2412 628 2467 sunt
659 2402 994 2469 Cantuarii
1027 2412 1092 2469 et
1123 2402 1462 2487 Victuarii,
1510 2402 1633 2467 hoo
1680 2412 1779 2467 est
1825 2425 1903 2467 ea
1931 2424 2114 2486 gens,
2163 2422 2330 2487 quae

191 2491 475 2557 Vectam
525 2501 707 2557 tenet
751 2492 1026 2558 insulam
1075 2500 1142 2557 et
1189 2515 1292 2576 ea,
1356 2515 1523 2579 quae
1577 2514 1780 2578 usque
1837 2491 2026 2557 hodie
2073 2492 2140 2555 in
2186 2512 2329 2577 pro·

191 2583 406 2646 uincia
445 2579 960 2647 Occidentalium
1008 2579 1339 2650 Saxonum
1384 2581 1675 2647 Iutarum
1720 2581 1896 2645 natio
1941 2581 2327 2662 nominatur,

192 2672 406 2756 posita
452 2680 676 2735 contra
721 2673 928 2759 ipsam
974 2671 1250 2735 insulam
1295 2671 1591 2735 Vectam.
1676 2670 1782 2734 De
1829 2667 2213 2754 Saxonibus,
2262 2666 2331 2733 id

193 2769 289 2823 est
338 2782 414 2824 ea
460 2761 755 2845 regione,
805 2782 972 2847 quae
1015 2782 1186 2825 nunc
1231 2758 1663 2846 Antiquorum
1711 2756 2045 2825 Saxonum
2091 2778 2325 2844 cogno·-

192 2850 499 2931 minatur,
548 2870 784 2913 uenere
832 2847 1200 2915 Orientales
1249 2846 1573 2933 Saxones,
1621 2846 1968 2914 Meridiani
2013 2846 2326 2931 Saxones,

195 2936 475 3005 Occidui
506 2934 818 3004 Saxones.
891 2937 1094 3003 Porro
1127 2937 1206 3002 de
1236 2937 1488 3022 Anglis‚
1533 2937 1658 3002 hoc
1705 2947 1803 3002 est
1843 2935 1923 3002 de
1954 2936 2065 3003 illa
2094 2937 2326 3023 patria,

191 3049 360 3113 quae
423 3024 724 3112 Angulus
792 3026 1024 3092 dicitur
1087 3036 1151 3092 et
1220 3027 1303 3091 ab
1366 3049 1441 3091 eo
1505 3036 1797 3112 tempore
1867 3048 2069 3113 usque
2134 3023 2328 3090 hodie

193 3138 460 3181 manere
522 3115 810 3181 desertus
872 3117 1040 3181 inter
1101 3117 1467 3203 prouincias
1526 3114 1817 3181 Iutarum
1873 3125 1941 3180 et
1995 3112 2327 3179 Saxonum

190 3204 590 3291 perhibetur,
642 3203 1006 3272 Orientales
1052 3203 1278 3289 Angli,
1327 3202 1791 3270 Mediterranei
1836 3202 2052 3288 Angli,
2099 3200 2325 3286 Merci,

194 3304 328 3359 tota
357 3292 1052 3380 Nordanhymbrorum
1091 3297 1455 3381 progenies,
1502 3294 1570 3359 id
1600 3302 1697 3358 est
1727 3292 1980 3357 illarum
2011 3292 2323 3377 gentium,

198 3405 362 3469 quae
418 3382 501 3447 ad
546 3382 824 3449 Boream
876 3382 1161 3449 Humbri
1211 3383 1495 3447 fluminis
1551 3382 1913 3447 inhabitant
1928 3430 1943 3461 ‚
2000 3381 2326 3466 ceterique

199 3471 565 3557 Anglorum
627 3473 849 3560 populi
911 3481 1058 3536 sunt
1118 3474 1262 3539 orti.
1370 3471 1587 3536 Duces
1651 3470 1845 3535 fuisse
1907 3470 2326 3555 perhibentur

202 3583 420 3626 eorum
484 3561 680 3647 primi
740 3561 863 3627 duo
921 3561 1156 3625 fratres
1220 3560 1507 3645 Hengist
1567 3568 1631 3624 et
1689 3559 1938 3643 Horsa3
2005 3581 2041 3624 e
2096 3558 2326 3647 quibus

200 3648 412 3716 Horsa
457 3659 682 3737 postea
728 3652 974 3716 occisus
1018 3652 1086 3715 in
1131 3650 1298 3715 bello
1345 3674 1385 3715 a
1422 3648 1857 3733 Brettonibus,
1904 3648 2215 3713 hactenus
2261 3649 2329 3712 in

205 3738 616 3805 orientalibus
688 3738 958 3805 Cantiae
1031 3739 1324 3825 partibus
1391 3746 1879 3803 monumentum
1947 3737 2144 3804 habet
2212 3758 2327 3801 suo

204 3829 456 3893 nomine
501 3828 773 3914 insigne.
869 3828 1076 3893 Erant
1121 3836 1338 3894 autem
1385 3826 1500 3893 filii
1546 3828 1867 3913 victgilsi,
1916 3829 2095 3893 cuius
2142 3834 2328 3912 pater
