2723 4326
425 225 553 288 114
2303 255 2310 261 -
2371 225 2470 279 111.
2506 223 2569 279 7.

420 423 547 488 que
592 399 760 466 bello
827 404 1071 489 petitus
1135 425 1213 467 ac
1256 423 1462 487 regno
1531 403 1820 488 priuatus
1865 402 1949 467 ab
1992 402 2103 466 illo
2166 402 2433 467 secessit
2477 401 2565 467 ad

420 512 648 575 regem
712 488 1139 556 Orientalium
1200 490 1593 575 Anglorum,
1663 493 1766 555 cui
1833 513 2068 556 nomen
2133 500 2273 555 erat
2337 490 2560 575 Anna;

418 579 593 666 apud
648 601 841 665 quem
895 582 1170 645 triennio
1224 580 1492 645 exulans
1545 579 1737 646 fidem
1793 580 2099 665 cognouit
2149 603 2230 645 ac
2277 582 2564 667 suscepit

417 670 731 736 ueritatis.
823 668 996 733 Nam
1042 678 1107 735 et
1151 670 1321 756 ipse,
1385 668 1558 755 apud
1603 691 1796 755 quem
1855 668 2182 752 exulabat,
2254 691 2374 735 rex
2421 679 2563 735 erat

416 760 521 823 uir
565 757 791 842 bonus,
840 768 907 823 et
951 760 1121 824 bona
1165 780 1243 823 ac
1288 770 1512 823 sancta
1557 758 1777 823 sobole
1822 757 2007 843 felix,
2057 766 2128 823 ut
2172 760 2241 823 in
2286 780 2560 845 sequen-

418 847 592 912 tibus
639 845 1028 913 docebimus,

598 934 763 1001 Oum
831 958 987 1001 uero
1062 937 1401 1001 restitutus
1469 944 1638 1000 esset
1705 936 1772 999 in
1837 957 2115 1019 regnum
2183 933 2565 1018 Ooinualch,

419 1025 596 1090 uenit
640 1027 708 1089 in
752 1026 1151 1111 prouinciam
1182 1024 1263 1089 de
1294 1024 1612 1089 Hibernia
1656 1025 1950 1111 pontifex
1996 1022 2256 1111 quidam
2303 1027 2566 1091 nomine

420 1112 855 1199 Agilberctus,
902 1116 1163 1179 natione
1211 1113 1470 1200 quidem
1502 1111 1749 1197 Gallus,
1797 1112 1910 1177 sed
1940 1126 2093 1178 tunc
2138 1113 2565 1199 legendarum

418 1204 632 1289 gratia
677 1204 1139 1289 scripturarum
1167 1203 1234 1266 in
1266 1202 1583 1268 Hibernia
1610 1223 1739 1266 non
1769 1224 1970 1290 paruo
2002 1212 2298 1289 tempore
2341 1202 2560 1269 demo·

418 1302 626 1374 ratus,
688 1293 1145 1378 coniunxitque
1192 1312 1263 1357 se
1306 1294 1477 1377 regi,
1541 1300 1767 1377 sponte
1826 1293 2252 1358 ministerium
2309 1292 2565 1378 praedi-

420 1379 610 1445 candi
655 1402 1004 1445 assumens.
1088 1378 1285 1445 Cuius
1330 1379 1756 1445 eruditionem
1802 1389 1995 1467 atque
2041 1380 2423 1446 industriam
2471 1384 2564 1446 ui-

420 1467 578 1535 dens
625 1491 741 1533 rex
784 1470 1041 1554 rogauit
1085 1492 1255 1552 eum,
1326 1479 1594 1555 accepta
1637 1470 1729 1534 ibi
1775 1468 1925 1535 sede
1973 1470 2347 1557 episcopali,
2405 1494 2568 1535 suae

420 1560 601 1644 genti
630 1579 891 1623 manere
921 1558 1312 1645 pontificem.
1366 1555 1494 1636 Qui
1513 1559 1814 1644 precibus
1835 1560 1971 1623 eius
1991 1559 2298 1643 adnuens,
2343 1560 2568 1624 multis

417 1649 599 1713 annis
648 1646 859 1712 eidem
904 1650 1084 1733 genti
1130 1645 1513 1712 sacerdotali
1539 1649 1681 1711 iure
1726 1648 2023 1733 praefuit.
2089 1647 2387 1712 Tandem
2420 1671 2561 1730 rex,

421 1738 531 1823 qui
562 1734 891 1803 Saxonum
922 1748 991 1800 ta
1031 1746 1171 1801 tum
1200 1738 1495 1821 linguam
1531 1745 1820 1819 nouerat,
1867 1747 2198 1824 pertaesus
2245 1736 2568 1801 barbarae

417 1825 753 1911 loquellas,
806 1826 1280 1891 subintroduxit
1324 1827 1393 1889 in
1438 1826 1838 1911 prouinciam
1863 1826 2082 1895 ,alium
2113 1848 2267 1891 suae
2302 1827 2566 1911 linguae

421 1917 797 2001 episcopum
843 1914 1154 1979 uocabulo
1201 1914 1376 1997 Vini,
1427 1924 1490 1978 et
1533 1916 1744 2002 ipsum
1789 1917 1856 1979 in
1905 1913 2122 1981 Gallia
2167 1913 2566 1999 ordinatum3

420 2002 841 2090 diuidensque
886 2006 953 2069 in
999 2002 1156 2068 duas
1202 2002 1572 2090 parrochias
1618 2006 2045 2089 prouinciam,
2100 2003 2250 2068 huic
2296 2006 2363 2068 in
2409 2006 2565 2068 ciui-

417 2101 554 2157 tate
600 2093 834 2178 Venta,
899 2115 1065 2180 quae
1111 2115 1149 2156 a
1195 2100 1392 2178 gente
1439 2089 1769 2157 Saxonum
1815 2090 2300 2157 Vintancaestir
2343 2094 2564 2180 appel-

322 2198 329 2206 ·
417 2185 616 2264 latur,
672 2182 889 2248 sedem
936 2183 1368 2269 episcopalem
1413 2181 1666 2246 tribuit:
1723 2180 1893 2246 unde
1943 2182 2220 2248 offensus
2267 2185 2564 2266 grauiter

419 2270 865 2357 Agilberctus,
915 2269 1087 2358 quod
1131 2271 1252 2334 hoc
1298 2271 1438 2356 ipso
1485 2272 1841 2336 inconsulto
1889 2281 2115 2357 ageret
2158 2294 2306 2354 rex,
2368 2271 2564 2338 rediit

416 2360 720 2446 Galliam,
769 2371 835 2426 et
866 2369 1133 2447 accepto
1167 2362 1542 2446 episcopatu
1571 2359 1935 2425 Parisiacae
1967 2363 2266 2445 ciuitatis,
2315 2359 2563 2427 ibidem

415 2473 614 2516 senex
661 2473 737 2514 ac
783 2450 1009 2537 plenus
1054 2451 1303 2516 dierum
1350 2450 1530 2517 obiit.
1623 2447 1773 2514 Non
1819 2448 2040 2514 multis
2100 2458 2318 2515 autem
2375 2452 2562 2514 annis

414 2549 561 2626 post
606 2539 973 2608 abscessum
1004 2541 1139 2603 eius
1170 2561 1209 2602 a
1239 2537 1561 2602 Brittania
1595 2541 1958 2620 transactis,
2006 2539 2226 2626 pulsus
2271 2547 2369 2603 est
2403 2539 2561 2604 Vini

414 2629 499 2693 ab
560 2626 789 2692 eodem
846 2649 1002 2713 rege
1061 2627 1142 2692 de
1204 2629 1599 2713 episcopatu3
1662 2629 1774 2713 qui
1837 2627 2140 2692 secedens
2200 2627 2282 2692 ad
2327 2649 2562 2712 regem

415 2715 812 2781 Meroiorum
864 2716 1176 2781 uocabulo
1218 2713 1544 2796 Vulfheri,
1601 2718 1756 2781 emit
1806 2719 2016 2802 pretio
2068 2715 2148 2780 ab
2205 2738 2280 2781 eo
2335 2717 2561 2782 sedem

415 2805 794 2870 Lundoniae
836 2805 1135 2888 ciuitatis,
1186 2805 1448 2890 eiusque
1479 2805 1816 2892 episcopus
1845 2827 2049 2891 usque
2081 2803 2164 2869 ad
2194 2806 2370 2870 uitae
2403 2829 2570 2872 suae

414 2895 764 2958 terminum
808 2895 1061 2958 mansit.
1126 2891 1361 2980 Sicque
1409 2894 1742 2978 prouincia
1788 2891 2304 2960 Occidentalium
2351 2892 2566 2960 Saxo-

415 3004 569 3047 num
614 2991 905 3068 tempore
948 3004 1075 3046 non
1119 3005 1326 3069 pauco
1373 2982 1616 3068 absque
1659 2983 1954 3068 praesule
1999 2984 2139 3048 fuit.

594 3069 737 3148 Quo
763 3073 959 3135 etiam
1002 3081 1294 3158 tempore
1337 3093 1454 3136 rex
1501 3070 1827 3157 praefatus
1873 3074 2074 3158 ipsius
2121 3073 2355 3157 gentis,
2405 3095 2564 3159 gra-

415 3162 695 3225 uissimis
740 3163 929 3244 regni
958 3162 1057 3224 sui
1102 3160 1351 3225 damnis
1399 3161 1768 3246 saepissime
1798 3159 1881 3225 ab
1913 3159 2204 3226 hostibus
2253 3162 2570 3248 afflictus,

413 3249 677 3316 tandem
719 3248 803 3315 ad
848 3251 1229 3314 memoriam
1274 3247 1552 3333 reduxit,
1601 3247 1773 3335 quod
1805 3273 1952 3314 eum
1984 3248 2237 3337 pridem
2284 3251 2565 3337 perfidia

412 3361 615 3422 regno
663 3340 915 3426 pulerit,
965 3338 1125 3405 fides
1171 3340 1397 3423 agnita
1428 3336 1668 3403 Christi
1697 3340 1763 3403 in
1793 3361 2069 3424 regnum
2115 3343 2567 3426 reuocauerit3

415 3428 879 3514 intellexitque,
920 3427 1087 3512 quod
1119 3430 1311 3492 etiam
1340 3437 1497 3492 tunc
1526 3425 1834 3492 destituta
1862 3427 2166 3514 pontifice
2199 3432 2560 3515 prouincia,

413 3526 588 3582 recte
632 3520 880 3603 pariter
924 3515 1139 3581 diuino
1184 3515 1383 3581 fuerit
1427 3516 1731 3582 destituta
1775 3515 2116 3604 praesidio.
2179 3517 2365 3584 Misit
2397 3541 2563 3605 ergo

414 3605 762 3690 legatarios
821 3608 887 3670 in
944 3603 1225 3670 Galliam
1286 3605 1369 3670 ad
1421 3603 1898 3691 Agilberctum,
1965 3609 2308 3672 summissa
2376 3609 2562 3674 illum

289 3715 296 3721 ·
416 3695 848 3759 satisfactione
894 3693 1244 3780 deprecans
1289 3693 1374 3759 ad
1414 3695 1855 3782 episcopatum
1887 3719 2042 3762 suae
2073 3698 2287 3781 gentis
2319 3695 2558 3763 redire.

416 3779 509 3846 At
578 3782 685 3846 ille
752 3806 821 3847 se
889 3803 1202 3847 excusans
1267 3792 1333 3847 et
1400 3785 1620 3849 uenire
1651 3810 1656 3820 ·
1683 3807 1813 3850 non
1891 3807 2080 3872 posse
2159 3795 2560 3873 contestans,

416 3870 569 3956 quia
614 3873 987 3956 episcopatu
1032 3873 1332 3957 propriae
1379 3874 1659 3938 ciuitatis
1691 3896 1768 3938 ac
1798 3875 2178 3960 parrochiae
2222 3885 2566 3943 teneretur
