2723 4326
396 156 525 222 254
2195 160 2262 215 V.
2305 160 2535 215 14—15.

396 338 465 401 in
521 336 765 401 ultimis
827 344 922 400 est
986 337 1359 401 monasterii
1414 334 1572 400 locis
1618 333 1978 418 humatum,
2043 357 2252 423 neque
2297 337 2536 424 aliquis

397 448 515 511 pro
564 446 639 490 eo
686 425 790 489 uel
836 425 1062 489 missas
1108 423 1321 489 facere
1368 423 1475 488 uel
1520 425 1799 510 psalmos
1847 435 2107 490 cantare
2153 426 2254 491 uel
2300 427 2538 493 saltem

399 536 583 579 orare
614 514 1087 600 praesumebat.
1147 512 1206 578 O
1240 536 1434 599 quam
1479 513 1710 598 grandi
1756 513 2064 579 distantia
2109 513 2326 579 diuisit
2374 513 2538 580 deus

396 605 564 667 inter
607 604 818 668 lucem
868 613 933 667 et
979 601 1313 666 tenebras!
1385 602 1628 667 Beatus
1675 613 2112 691 protomartyr
2159 601 2537 691 Stephanus

397 714 699 779 passurus
746 699 1019 756 mortem
1065 714 1182 779 pro
1229 694 1523 775 ueritate,
1570 690 1734 755 uidit
1784 692 1994 757 caelos
2041 702 2319 779 apertos,
2367 692 2542 758 uidit

398 781 670 866 gloriam
718 781 822 845 dei
870 789 935 846 et
964 780 1182 845 Iesum
1228 789 1504 845 stantem
1551 804 1592 845 a
1638 778 1882 845 dextris
1931 782 2064 865 dei3
2117 791 2181 847 et
2227 782 2338 847 ubi
2386 792 2540 847 erat

398 871 649 934 futurus
694 871 833 956 ipse
878 879 1023 956 post
1066 880 1359 954 mortem,
1409 869 1498 933 ibi
1531 868 1747 933 oculos
1779 872 2016 935 mentis
2047 880 2200 935 ante
2232 862 2536 955 mortem,

401 981 525 1046 quo
571 958 798 1023 laetior
844 958 1275 1041 occumberet,
1322 960 1515 1022 misit.
1609 955 1700 1023 At
1746 969 1989 1043 contra,
2038 960 2224 1025 faber
2268 962 2390 1025 iste
2437 968 2539 1025 te-

400 1048 709 1114 nebrosae
755 1050 992 1113 mentis
1024 1057 1088 1111 et
1118 1048 1410 1132 actionis,
1443 1049 1817 1113 imminente
1852 1057 2078 1134 morte,
2113 1049 2274 1113 uidit
2303 1060 2544 1137 aperta

402 1146 677 1221 tartara,
738 1137 900 1201 uidit
970 1135 1444 1202 damnationem
1505 1135 1744 1201 diaboli
1808 1147 1871 1202 et
1940 1140 2310 1224 sequacium
2357 1140 2536 1223 eius;

401 1224 564 1289 uidit
610 1228 807 1290 etiam
854 1248 1039 1289 suum
1084 1226 1307 1290 infelix
1352 1228 1520 1290 inter
1565 1225 1728 1290 tales
1774 1248 2118 1312 carcerem,
2169 1250 2293 1314 quo
2339 1229 2534 1291 mise-

400 1315 665 1378 rabilius
712 1316 848 1402 ipse
896 1312 1239 1401 desperata
1284 1316 1489 1379 salute
1536 1317 1794 1401 periret,
1845 1314 1960 1380 sed
2004 1318 2391 1400 uiuentibus,
2419 1317 2538 1401 qui

401 1402 561 1468 haec
608 1404 1091 1487 cognouissent‚
1133 1426 1419 1468 causam
1485 1405 1704 1469 salutis
1766 1427 1880 1469 sua
1940 1402 2296 1491 perditione
2341 1405 2536 1469 relin-

403 1500 649 1577 queret.
711 1490 987 1557 Factum
1034 1502 1132 1557 est
1178 1492 1297 1557 hoc
1342 1515 1548 1580 nuper
1593 1495 1662 1557 in
1690 1495 2022 1580 prouincia
2052 1493 2532 1577 Berniciorum3

405 1604 481 1645 ac
502 1580 718 1665 ,longe
762 1582 1020 1668 lateque
1067 1581 1464 1647 diffamatum
1510 1582 1745 1648 multos
1791 1582 1874 1647 ad
1917 1581 2239 1669 agendam
2286 1591 2350 1647 et
2395 1604 2532 1647 non

402 1668 819 1735 differendam
834 1669 1149 1736 scelerum
1166 1694 1423 1735 suorum
1441 1670 1917 1757 paenitudinem
1929 1673 2324 1758 prouocauit.
2341 1668 2538 1749 Quod

404 1761 651 1824 utinam
715 1758 945 1825 exhinc
1006 1760 1200 1824 etiam
1244 1770 1611 1825 nostrarum
1654 1758 1928 1825 lectione
1972 1761 2332 1826 litterarum
2376 1760 2534 1824 fiat!

1417 1992 1518 2056 15.

406 2144 485 2202 Vt
521 2145 826 2216 plurimae
864 2148 1219 2206 Scottorum
1254 2146 1577 2219 ecclesiae,
1614 2148 1889 2204 instante
1908 2148 2282 2216 Adamnano,
2323 2147 2536 2204 catho-

405 2234 595 2292 licum
621 2239 849 2307 pascha
886 2238 1309 2307 susceperInt3
1347 2237 1729 2306 utque-idem
1753 2237 1987 2294 librum
2012 2238 2085 2293 de
2112 2237 2269 2293 locis
2295 2237 2536 2293 sanctis

1291 2326 1648 2396 scripserit.

580 2469 724 2549 Quo
789 2481 1078 2558 tempore
1144 2473 1420 2558 plurima
1473 2493 1624 2558 pars
1672 2469 2039 2536 Scottorum
2096 2472 2162 2534 in
2215 2467 2540 2534 Hibernia

407 2568 473 2624 et
517 2560 821 2625 nonnulla
866 2562 1059 2626 etiam
1107 2559 1185 2624 de
1215 2560 1630 2626 Brettonibus
1677 2562 1742 2624 in
1785 2559 2110 2625 Brittania
2153 2559 2538 2622 rationabile

408 2658 472 2713 et
530 2650 1036 2714 ecclesiasticum
1091 2649 1410 2736 paschalis
1467 2649 1912 2714 obseruantiae
1967 2657 2220 2734 tempus
2275 2645 2538 2711 domino

408 2736 687 2802 donante
733 2741 1033 2824 suscepit.
1128 2736 1460 2824 Siquidem
1492 2736 1836 2802 Adamnan
1866 2738 2206 2824 presbyter
2237 2745 2302 2801 et
2333 2734 2538 2800 abbas

407 2826 897 2912 monachorum,
965 2829 1074 2915 qui
1143 2836 1325 2893 erant
1381 2829 1446 2893 in
1506 2828 1716 2892 insula
1759 2825 1877 2891 Hii
1893 2878 1912 2911 ,
1984 2848 2128 2891 cum
2191 2825 2538 2910 legationis

406 2917 621 3001 gratia
664 2917 895 2982 missus
942 2939 982 2980 a
1027 2939 1141 2980 sua
1188 2926 1402 3001 gente,
1450 2917 1735 2981 uenisset
1781 2915 1863 2979 ad
1893 2913 2261 2980 Aldfridum
2309 2934 2536 2997 regem

408 3003 769 3089 Anglorum
816 3015 883 3070 et
928 3003 1298 3092 aliquandiu
1343 3007 1411 3070 in
1457 3027 1534 3070 ea
1578 3006 1908 3091 prouincia
1953 3012 2237 3068 moratus
2282 3000 2537 3067 uideret

407 3095 569 3158 ritus
618 3095 923 3160 ecclesiae
984 3095 1355 3178 canonicos3
1413 3094 1526 3160 sed
1592 3103 1656 3158 et
1715 3115 1755 3158 a
1806 3092 2125 3181 pluribus,
2187 3092 2296 3178 qui
2355 3102 2540 3156 erant

410 3183 808 3265 eruditiores,
858 3192 1029 3248 esset
1075 3183 1364 3248 sollerter
1409 3181 1806 3265 admonitus,
1865 3204 1946 3246 ne
2001 3189 2224 3246 contra
2277 3181 2532 3245 uniuer-

411 3272 613 3337 salem
660 3273 967 3337 ecclesiae
1014 3295 1261 3337 morem
1306 3273 1411 3337 uel
1456 3273 1522 3336 in
1569 3271 1976 3336 obseruantia
2019 3267 2306 3357 paschali
2335 3269 2442 3333 uel
2473 3270 2539 3331 in

409 3361 550 3425 aliis
598 3362 955 3448 quibusque
1010 3362 1283 3427 decretis
1343 3384 1490 3426 cum
1551 3363 1680 3426 suis
1735 3360 2134 3447 paucissimis
2199 3368 2262 3422 et
2315 3359 2384 3422 in
2429 3379 2536 3422 ex-

411 3461 617 3515 tremo
663 3450 884 3515 mundi
928 3449 1168 3536 angulo
1215 3451 1442 3536 positis
1488 3451 1706 3515 uiuere
1753 3455 2215 3536 praesumeret,
2248 3455 2534 3511 mutatus

409 3547 627 3604 mente
675 3548 809 3623 est3
856 3541 950 3603 ita
993 3548 1065 3603 ut
1112 3561 1205 3620 ea,
1254 3561 1419 3624 quae
1464 3537 1718 3604 uiderat
1766 3548 1830 3603 et
1874 3538 2165 3603 audierat
2224 3536 2290 3599 in
2337 3535 2537 3600 eccle-

412 3629 521 3690 siis
568 3626 948 3712 Anglorum‚
997 3651 1149 3693 suae
1196 3650 1582 3715 suorumque
1629 3627 2070 3693 consuetudini
2115 3622 2539 3689 libentissime

412 3715 785 3800 praeferret.
880 3717 1042 3782 Erat
1096 3717 1267 3782 enim
1324 3719 1425 3781 uir
1479 3719 1684 3782 bonus
1738 3727 1804 3782 et
1851 3718 2105 3803 sapiens
2153 3723 2219 3778 et
2265 3715 2536 3778 scientia

415 3805 871 3888 scripturarum
916 3806 1309 3871 nobilissime
1354 3807 1714 3873 instructus,
