2723 4326
455 220 585 285 276
2433 222 2503 273 v,
2543 222 2620 275 21.
2674 250 2675 269 .

457 396 889 461 celebratione
916 396 1345 459 maximorum
1371 416 1412 459 a
1435 404 1802 460 sanctarum
1833 394 2092 482 quidem
2127 398 2616 483 scripturarum

456 486 749 551 doctrina
808 481 1162 565 discordat3
1223 484 1570 549 concordat
1614 495 1831 549 autem
1877 488 1996 571 eis,
2059 488 2171 571 qui
2229 489 2386 550 sine
2437 510 2616 573 prae-

456 576 755 639 ueniente
815 574 1029 657 gratia
1074 569 1317 637 Christi
1363 596 1433 639 se
1477 574 1713 638 saluari
1773 596 1962 661 posse
2022 573 2400 639 confidunt:
2471 580 2616 663 quia

455 666 579 728 etsi
634 684 794 727 uera
848 662 962 725 lux
1018 661 1321 727 tenebras
1379 660 1606 728 mundi
1661 662 1994 727 moriendo
2055 685 2132 728 ac
2189 666 2612 749 resurgendo

452 774 807 838 numquam
862 751 1151 832 uicisset,
1211 751 1568 837 perfectam
1615 773 1684 816 se
1727 751 1970 817 habere
2028 774 2222 839 posse
2285 755 2612 818 iustitiam

454 841 893 926 dogmatizare
929 850 1369 926 praesumunt.
1435 839 1664 926 Itaque
1695 849 1842 926 post
1872 843 2430 927 aequinoctialem
2467 846 2612 907 solis

454 941 778 1015 exortum,
846 938 993 1016 post
1036 929 1458 1014 plenilunium
1503 931 1695 1015 primi
1738 932 1976 994 mensis
2021 931 2191 995 hunc
2241 954 2329 995 ex
2385 932 2613 997 ordine

452 1020 875 1105 subsequens,
922 1018 990 1083 id
1036 1027 1134 1082 est
1178 1027 1327 1105 post
1372 1018 1753 1105 completam
1799 1017 1972 1083 diem
2019 1018 2310 1085 eiusdem
2365 1025 2612 1086 mensis

457 1118 755 1195 quartam
808 1105 1151 1190 decimam,
1210 1128 1378 1193 quae
1433 1117 1663 1171 cuncta
1715 1130 1796 1171 ex
1843 1107 1988 1193 lege
2041 1108 2468 1175 obseruanda
2517 1133 2612 1174 ac·

453 1199 766 1284 cepimus,
830 1207 1247 1281 expectamus
1306 1194 1518 1260 adhuc
1578 1207 1878 1262 monente
1939 1198 2278 1283 euangelio
2326 1200 2407 1263 in
2471 1202 2609 1287 ipsa

456 1283 861 1351 hebdomada
904 1286 1098 1348 tertia
1139 1293 1396 1371 tempus
1441 1283 1569 1349 diei
1615 1282 2000 1369 dominicae,
2063 1296 2128 1350 et
2180 1288 2276 1351 sic
2331 1287 2608 1353 demum

454 1376 676 1439 uotiua
720 1371 999 1460 paschae
1043 1376 1246 1438 nostri
1292 1374 1462 1438 festa
1507 1374 1923 1458 celebramus,
1971 1384 2044 1438 ut
2088 1376 2460 1441 indicemus
2493 1401 2606 1441 nos

451 1486 583 1527 non
629 1486 777 1527 cum
832 1462 1113 1548 antiquis
1169 1484 1506 1527 excussum
1557 1461 1924 1550 Aegyptiae
1979 1466 2310 1529 seruitutis
2373 1468 2603 1552 iugum

452 1554 768 1636 uenerari,
816 1550 930 1616 sed
974 1551 1441 1617 redemtionem
1484 1555 1681 1617 totius
1729 1553 1968 1635 mundi,
2016 1574 2182 1638 quae
2227 1556 2297 1617 in
2345 1558 2601 1641 antiqui
2682 1558 2683 1563 ’

451 1640 558 1707 dei
602 1640 824 1729 populi
867 1641 1247 1707 liberatione
1291 1641 1759 1729 praefigurata,
1816 1644 1884 1705 in
1930 1639 2173 1706 Christi
2219 1651 2452 1708 autem
2505 1667 2597 1708 re·

452 1735 848 1797 surrectione
895 1731 1215 1817 completa
1246 1740 1363 1814 est,
1414 1730 1647 1795 deuota
1681 1730 1809 1795 fide
1838 1752 1915 1795 ac
1963 1729 2308 1796 dilectione
2359 1734 2594 1817 colere,

449 1830 649 1907 utque
664 1822 1149 1885 resurrectionis
1168 1821 1366 1885 etiam
1385 1830 1661 1903 nostrae,
1683 1841 1878 1906 quam
1898 1819 2127 1885 eadem
2141 1820 2247 1885 die
2265 1818 2595 1887 dominica

454 1912 738 1973 futuram
787 1906 1126 1993 credimus,
1181 1932 1295 1995 spe
1337 1930 1456 1973 nos
1502 1910 1858 1973 certissima
1902 1907 2188 1993 gaudere
2235 1912 2592 1995 signemus.

631 1996 781 2062 ‘Hic
848 2006 1095 2081 autem,
1163 2019 1355 2083 quem
1419 1997 1604 2062 uobis
1669 1996 2064 2084 sequendum
2127 2009 2590 2082 monstramus,

451 2096 787 2175 computus
831 2085 1111 2174 paschae
1175 2087 1674 2151 decennouenali
1720 2086 1954 2151 circulo
2013 2088 2416 2173 continetur3
2487 2090 2592 2176 qui
2686 2161 2687 2178 χ

451 2175 693 2243 dudum
756 2175 1040 2262 quidem,
1109 2177 1232 2242 hoc
1296 2185 1395 2240 est
1456 2178 1612 2263 ipsis
1670 2177 2104 2262 apostolorum
2163 2180 2591 2264 temporibus,
2686 2183 2687 2220 ³

449 2269 578 2330 iam
618 2268 863 2330 seruari
892 2267 958 2328 in
989 2266 1259 2330 ecclesia
1304 2265 1537 2350 coepit,
1581 2267 1865 2331 maxime
1896 2264 2143 2331 Romae
2175 2276 2240 2330 et
2272 2267 2589 2355 Aegypti,

446 2365 521 2420 ut
566 2377 763 2442 supra
806 2356 937 2419 iam
983 2352 1279 2418 diximus.
1367 2352 1501 2419 Sed
1545 2376 1664 2440 per
1707 2352 2090 2418 industriam
2136 2355 2436 2440 Eusebii,
2487 2361 2590 2442 qui

448 2468 489 2508 a
533 2445 724 2510 beato
778 2453 1069 2528 martyre
1114 2442 1452 2529 Pamphilo
1513 2465 1869 2528 cognomen
1927 2443 2156 2526 habet,
2227 2442 2590 2509 distinctius

448 2535 515 2598 in
562 2532 852 2597 ordinem
900 2533 1288 2618 compositus
1336 2542 1463 2617 est3
1511 2540 1583 2596 ut
1628 2530 1799 2618 quod
1846 2541 2107 2597 eatenus
2154 2556 2274 2619 per
2310 2533 2590 2598 Alexan-

451 2621 629 2686 driae
705 2619 1075 2708 pontificem
1168 2621 1436 2706 singulis
1527 2624 1710 2685 annis
1783 2644 1901 2707 per
1981 2643 2204 2685 omnes
2282 2623 2589 2687 ecclesias

449 2710 743 2775 mandari
806 2720 1251 2794 consueuerat,
1317 2713 1450 2775 iam
1517 2709 1747 2775 deinde
1816 2719 2126 2794 congesta
2171 2711 2238 2773 in
2301 2711 2588 2776 ordinem

452 2802 617 2864 serie
660 2801 849 2863 lunae
896 2809 1165 2885 quartae
1213 2797 1500 2864 decimae
1545 2798 1848 2863 facillime
1895 2809 2113 2884 posset
2159 2801 2243 2863 ab
2293 2802 2587 2864 omnibus

450 2888 619 2952 sciri.
684 2886 881 2951 Cuius
928 2897 1303 2974 computum
1347 2887 1668 2974 paschalis
1715 2887 2115 2974 Theophilus
2144 2887 2585 2952 Alexandriae

448 2976 707 3064 praesul
771 2977 839 3040 in
906 2986 1165 3042 centum
1238 2998 1552 3042 annorum
1623 2985 1879 3062 tempus
1944 2974 2319 3041 Theodosio
2391 2980 2586 3065 impe·

446 3067 649 3131 ratori
718 3067 1093 3151 composuit.
1187 3065 1357 3130 Item
1426 3087 1756 3130 successor
1821 3067 1956 3129 eius
2003 3063 2288 3148 Cyrillus
2356 3068 2584 3130 seriem

447 3155 803 3240 nonaginta
862 3163 927 3218 et
990 3156 1271 3240 quinque
1332 3175 1647 3219 annorum
1709 3156 1776 3217 in
1845 3155 2124 3240 quinque
2189 3153 2583 3219 decennoue-

446 3244 700 3309 nalibus
782 3243 1033 3308 circulis
1124 3241 1644 3330 comprehendit:
1737 3252 1884 3328 post
1960 3263 2154 3327 quem
2231 3242 2582 3329 Dionysius

447 3333 744 3418 Exiguus
789 3331 1056 3398 totidem
1104 3333 1263 3396 alios
1295 3355 1378 3397 ex
1409 3331 1630 3396 ordine
1660 3333 1802 3418 pari
1847 3330 2174 3396 schemate
2221 3331 2580 3416 subnexuit,

449 3424 561 3508 qui
606 3420 687 3486 ad
731 3431 955 3486 nostra
997 3443 1201 3507 usque
1246 3430 1544 3508 tempora
1597 3420 2067 3506 pertingebant.
2164 3418 2420 3497 Quibus
2466 3431 2580 3485 ter-

448 3512 621 3575 mino
653 3509 1333 3598 adpropinquantibus,
1366 3519 1550 3574 tanta
1571 3508 1762 3573 hodie
1787 3508 2245 3574 calculatorum
2275 3510 2580 3575 exuberat

455 3601 658 3685 copia,
705 3608 777 3663 ut
823 3600 1021 3664 etiam
1064 3601 1132 3664 in
1175 3601 1413 3664 nostris
1459 3621 1577 3685 per
1604 3597 1992 3662 Brittaniam
2037 3597 2330 3662 ecclesiis
2378 3599 2579 3685 plures

452 3689 597 3769 sint,
646 3689 756 3773 qui
802 3686 1121 3753 mandatis
1166 3689 1515 3752 memoriae
1560 3687 1889 3752 ueteribus
1933 3686 2058 3751 illis
2103 3683 2572 3773 Aegyptiorum

450 3779 847 3858 argumentis
892 3777 1196 3842 facillime
1241 3779 1488 3863 possint
1519 3778 1583 3840 in
1617 3775 1930 3860 quotlibet
1962 3775 2173 3861 spatia
2217 3783 2572 3862 temporum

448 3861 782 3946 paschales
828 3864 1216 3949 protendere
1263 3865 1561 3948 circulos,
1621 3865 1875 3928 etiamsi
1921 3861 2002 3928 ad
2050 3865 2442 3948 quingentos
2484 3888 2574 3929 us·
