2723 4326
210 206 273 260 V.
312 209 360 262 6.
2207 214 2336 279 235

208 388 561 473 persistens
608 395 864 451 noctem
912 387 1189 453 ducebat
1235 386 1636 474 peruigilem,
1685 411 1802 475 pro
1849 412 2013 473 mea,
2063 400 2134 454 ut
2165 413 2332 472 reor,

205 476 515 561 sospitate
575 496 888 560 supernae
950 478 1181 563 pietati
1242 477 1626 563 supplicans.
1728 476 1816 541 Et
1875 500 2062 543 mane
2127 482 2333 564 primo

204 566 535 649 ingressus
582 562 667 628 ad
712 586 838 648 me,
885 586 961 629 ac
1006 563 1178 629 dicta
1225 588 1418 651 super
1463 588 1568 631 me
1601 567 1907 649 oratione,
1941 571 2198 632 uocauit
2229 592 2333 632 me

202 655 463 718 nomine
510 676 683 736 mec,
751 662 815 716 et
878 655 1062 738 quasi
1108 654 1188 719 de
1234 676 1455 718 somno
1503 657 1691 739 graui
1737 658 2089 720 excitatum
2137 660 2330 721 inter-

202 744 483 827 rogauit,
534 744 587 804 si
630 763 904 822 nossem,
975 745 1117 828 quis
1166 753 1370 823 esset,
1443 745 1552 829 qui
1620 744 1992 829 loqueretur
2056 746 2137 809 ad
2207 767 2329 809 me.

202 829 299 895 At
330 852 453 915 ego
498 832 795 916 aperiens
842 832 1057 896 oculos
1096 834 1225 895 aio:
1284 833 1567 918 „Etiamz
1616 842 1688 897 tu
1720 856 1788 897 es
1834 836 2104 899 antistes
2152 856 2332 898 meus

203 916 520 985 amatus“.
619 917 890 1006 „Potes“
942 922 1148 1006 inquit
1199 917 1548 1007 „uiuere‘?“
1638 921 1724 985 Et
1771 944 1922 1006 ego:
1977 920 2327 1008 „Possum“

200 1012 467 1095 inquam
522 1029 674 1095 „per
720 1010 1041 1073 orationes
1087 1020 1355 1094 uestras,
1405 1012 1459 1074 si
1503 1009 1778 1075 uoluerit
1822 1008 2177 1076 dominus.“

386 1095 517 1176 Qui
561 1099 647 1161 im
698 1120 892 1162 onens
940 1100 1136 1185 capiti
1181 1120 1325 1164 meo
1372 1121 1652 1183 manum,
1701 1121 1847 1163 cum
1891 1100 2106 1165 uerbis
2139 1102 2330 1166 bene-

201 1186 515 1271 dictionis,
563 1208 634 1250 re
679 1188 752 1251 iit
797 1187 879 1251 ad
926 1185 1274 1252 orandum:
1324 1196 1582 1275 etpost
1629 1188 1966 1274 pussillum
2012 1211 2118 1254 me
2164 1191 2331 1253 reui-

200 1299 352 1342 sens
399 1276 643 1341 inuenit
689 1274 1022 1341 sedentem
1070 1285 1134 1341 et
1182 1279 1310 1342 iam
1355 1278 1532 1362 loqui
1577 1277 1931 1343 ualentem:
1995 1280 2334 1364 coepitque

201 1388 308 1431 me
339 1368 759 1450 interrogare,
796 1365 1033 1449 diuino,
1065 1375 1137 1430 ut
1168 1388 1319 1430 mox
1349 1368 1575 1453 patuit,
1610 1365 1974 1431 admonitus
2006 1368 2330 1451 instinctu,

196 1478 287 1519 an
332 1477 437 1519 me
486 1477 624 1519 esse
670 1453 1070 1541 baptizatum
1119 1455 1361 1541 absque
1395 1456 1691 1542 scrupulo
1725 1478 2011 1521 nossem:
2062 1458 2164 1520 cui
2210 1478 2333 1541 ego

200 1545 449 1629 absque
494 1545 628 1609 ulla
672 1565 778 1607 me
824 1542 946 1607 hoc
992 1543 1322 1609 dubietate
1371 1546 1534 1609 scire
1579 1544 1909 1631 respondi,
1968 1546 2119 1630 quia
2165 1545 2330 1609 salu—

198 1634 329 1697 tari
372 1632 551 1697 fonte
593 1633 661 1695 in
706 1633 1153 1698 remissionem
1198 1641 1611 1719 peccatorum
1659 1656 1869 1698 essem
1923 1634 2210 1716 ablutus3
2270 1643 2334 1698 et

198 1744 438 1787 nomen
482 1722 865 1807 presbyteri,
937 1745 974 1785 a
1021 1743 1146 1807 quo
1192 1744 1298 1785 me
1345 1721 1742 1808 baptizatum
1789 1743 2125 1806 noueram,
2175 1722 2328 1786 dixi.

195 1810 293 1875 At
315 1810 457 1875 illex
509 1806 622 1897 „Si
644 1810 728 1875 ab
754 1807 915 1874 hoc“
965 1811 1171 1895 inquit
1229 1807 1602 1896 „sacerdote
1648 1810 2012 1896 baptizatus
2059 1834 2156 1894 es,
2204 1832 2334 1874 non

193 1922 267 1964 es
315 1899 601 1986 perfecte
647 1899 1037 1985 baptizatus:
1097 1902 1251 1963 noui
1295 1921 1575 1984 namque
1623 1921 1801 1981 eum,
1866 1909 1929 1963 et
1989 1901 2139 1985 quia
2187 1921 2331 1964 cum

193 1997 369 2053 esset
415 1989 753 2075 presbyter
798 1988 1126 2052 ordinatus
1137 2040 1153 2070 ,
1203 1988 1565 2053 nullatenus
1611 1999 1874 2075 propter
1920 1990 2165 2076 ingenii
2205 1999 2333 2053 tar-

196 2075 472 2142 ditatem
508 2078 717 2165 potuit
755 2074 1195 2141 cathecizandi
1225 2078 1328 2142 uel
1369 2077 1738 2163 baptizandi
1778 2078 2208 2143 ministerium
2239 2076 2330 2142 di-

192 2189 400 2252 scere,
447 2169 712 2254 p'ropter
757 2166 926 2252 quod
969 2176 1033 2231 et
1078 2168 1217 2253 ipse
1264 2167 1442 2231 illum
1486 2168 1568 2233 ab
1614 2167 1801 2231 huius
1848 2169 2328 2253 praesumtione

198 2257 558 2337 ministerii,
606 2256 778 2342 quod
821 2255 1207 2341 regulariter
1254 2257 1523 2342 implere
1568 2257 1896 2342 nequibat,
1946 2254 2346 2321 omnimodisr

194 2367 453 2411 cessare
494 2341 863 2431 praecepi“.
954 2342 1203 2421 Quibus
1268 2343 1454 2410 dictis
1490 2344 1716 2412 eadem
1763 2345 1922 2410 hora
1967 2368 2072 2411 me
2117 2345 2329 2410 cathe-

194 2437 411 2500 cizare
454 2435 593 2521 ipse
640 2435 915 2516 curauit3
980 2434 1353 2520 factumque
1401 2443 1531 2518 est,
1607 2443 1682 2500 ut
1699 2484 1717 2517 ,
1791 2434 2186 2500 exsufflante
2220 2433 2327 2498 illo

194 2526 268 2589 in
313 2524 547 2588 faciem
591 2545 829 2606 meam,
889 2521 1226 2587 confestim
1288 2547 1393 2588 me
1437 2525 1668 2588 melius
1713 2524 1952 2589 habere
1996 2525 2327 2590 sentirem.

194 2611 479 2678 Vocauit
540 2621 755 2677 autem
820 2610 1142 2676 medicum
1208 2620 1272 2677 et
1336 2613 1712 2678 dissolutam
1772 2611 1929 2678 mihi
1997 2614 2330 2678 emicranii

194 2703 562 2767 iuncturam
627 2721 1011 2788 componere
1064 2710 1257 2786 atque
1304 2700 1572 2786 alligare
1618 2702 1818 2766 iussit.
1915 2701 2328 2787 Tantumque

194 2813 353 2856 mox
398 2801 665 2878 accepta
711 2792 847 2854 eius
892 2787 1337 2856 benedictione
1387 2791 1700 2874 conualui,
1747 2799 1819 2854 ut
1866 2791 1932 2854 in
1979 2793 2330 2856 crastinum

194 2878 547 2946 ascendens
594 2901 828 2965 equum
876 2901 1023 2943 cum
1069 2879 1207 2965 ipso
1252 2880 1376 2944 iter
1422 2882 1490 2943 in
1537 2879 1730 2944 alium
1763 2879 1976 2943 locum
2009 2880 2327 2944 facerem:

195 2990 319 3034 nec
363 2968 566 3032 multo
612 2977 756 3056 post
800 2968 988 3054 plene
1035 2976 1293 3032 curatus
1338 2967 1520 3033 uitali
1567 2970 1765 3033 etiam
1810 2967 1984 3033 unda
2028 2969 2326 3056 perfusus

197 3058 381 3122 sum'.

375 3146 615 3211 Mansit
671 3154 887 3209 autem
943 3146 1009 3207 in
1064 3143 1439 3232 episcopatu
1507 3167 1708 3210 annos
1752 3146 2022 3231 triginta
2066 3156 2216 3228 treS,
2266 3155 2330 3209 et

198 3237 294 3299 sic
354 3235 661 3300 caelestia
716 3254 917 3319 regna
977 3233 1412 3298 conscendens
1473 3235 1758 3322 sepultus
1823 3243 1921 3298 est
1963 3237 2032 3298 in
2077 3235 2328 3320 porticu

198 3325 407 3389 sancti
451 3323 630 3388 Petri
691 3323 761 3386 in
813 3324 1201 3387 monasterio
1267 3345 1413 3408 su0,
1479 3322 1652 3410 quod
1720 3321 1954 3388 dicitur
2019 3322 2100 3387 In
2168 3322 2330 3386 silua

200 3411 555 3496 Derorum,
621 3433 786 3476 anno
850 3411 934 3475 ab
995 3412 1433 3478 incarnatione
1493 3411 1814 3478 dominica
1857 3408 2062 3477 DOO⁰
2107 3410 2329 3479 XXP.

198 3499 373 3566 Nam
438 3522 584 3566 cum
639 3522 794 3586 prae
851 3500 1091 3564 maiore
1137 3511 1468 3567 senectute
1513 3503 1722 3566 minus
1776 3502 2173 3589 episcopatui
2218 3499 2328 3564 ad·

198 3586 624 3656 ministrando
683 3587 1034 3672 sufficeret,
1098 3588 1392 3654 ordinato
1461 3592 1527 3654 in
1592 3592 2029 3678 episcopatum
2086 3589 2330 3654 Ebora·

198 3681 408 3744 censis
454 3678 763 3743 ecclesiae
808 3675 1085 3742 vilfrido
1133 3679 1514 3766 presbytero
1563 3701 1708 3764 suo,
1759 3679 2022 3744 secessit
2067 3678 2150 3743 ad
2196 3701 2328 3742 mo-

199 3769 553 3833 nasterium
615 3765 975 3853 praefatum
1022 3767 1237 3851 ibique
1284 3771 1486 3832 uitam
1534 3771 1601 3832 in
1648 3766 1766 3834 deo
1815 3767 2011 3853 digna
2071 3789 2331 3834 conuer-

200 3859 451 3923 satione
502 3854 866 3941 compleuit.
