2723 4326
157 187 203 238 1.
249 187 456 241 9—11.
2230 189 2313 260 17

159 365 452 428 transire
485 362 910 429 meditantem
931 362 1094 429 dolis
1119 365 1627 427 circumuentum
1661 363 1986 429 interfecit
2017 366 2312 431 fratrem-

163 476 295 540 que
346 455 489 518 eius
524 452 1041 517 Valentinianum
1087 451 1456 536 Augustum
1501 451 1689 516 Italia
1737 453 1999 540 expulit.
2079 452 2314 519 Valen-

159 545 460 607 tinianus
507 544 579 606 in
611 539 946 607 Orientem
989 541 1321 626 refugiens
1369 564 1410 606 a
1458 540 1820 606 Theodosio
1866 551 2139 628 paterna
2183 545 2315 629 pie-

164 641 309 696 tate
359 640 722 718 susceptae,
770 653 919 696 mox
965 633 1161 696 etiam
1205 631 1477 717 imperio
1524 631 1858 694 restitutus
1905 641 2036 698 est:
2096 632 2313 696 clauso

167 719 485 785 uidelicet
529 723 703 784 intra
747 743 964 784 muros
992 719 1355 806 Aquileiae,
1406 728 1593 806 capto
1638 728 1834 806 atque
1865 721 2075 786 occiso
2107 721 2189 786 ab
2224 723 2316 787 eis

167 809 472 875 Maximo
519 817 815 895 tyranno.

1207 971 1310 1036 10.

228 1110 311 1166 Vt
349 1109 619 1166 Arcadio
659 1109 961 1177 regnante
998 1109 1292 1177 Pelagius
1333 1109 1558 1165 Bretto
1596 1109 1817 1165 contra
1853 1109 2126 1177 gratiam
2164 1111 2264 1166 dei

815 1182 1081 1250 superba
1116 1180 1285 1237 bella
1324 1180 1691 1249 susceperit.

358 1308 554 1374 Anno
624 1307 706 1372 ab
775 1307 1212 1372 incarnatione
1283 1305 1529 1372 domini
1596 1304 2316 1372 CCC⁰LXXXX⁰HII⁰

169 1398 502 1464 Arcadius
565 1395 734 1461 filius
795 1395 1145 1461 Theodosii
1203 1419 1350 1460 cum
1412 1397 1614 1461 fratre
1666 1394 1955 1461 Honorio
1966 1447 1985 1481 ‚
2045 1398 2317 1484 quadra-

173 1490 468 1572 gesimus
527 1487 757 1550 tertius
815 1484 898 1550 ab
957 1485 1255 1569 Augusto
1318 1507 1594 1570 regnum
1658 1487 2041 1571 suscipiens,
2108 1488 2317 1552 tenuit

173 1599 382 1641 annos
437 1572 636 1640 XIII.
730 1572 927 1639 Cuius
981 1567 1383 1661 temporibus
1436 1573 1740 1657 Pelagius
1799 1573 2027 1640 Bretto
2092 1586 2317 1641 contra

173 1665 497 1730 auxilium
557 1665 807 1748 gratiae
863 1685 1179 1749 supernae
1233 1685 1488 1729 uenena
1542 1685 1694 1728 suae
1752 1662 2062 1749 perfidiae
2121 1665 2317 1748 longe

171 1755 438 1841 lateque
485 1753 804 1839 dispersit,
852 1762 1038 1817 utens
1086 1761 1504 1839 cooperatore
1533 1751 1781 1818 Iuliano
1825 1750 1907 1817 de
1939 1751 2313 1840 Campania,

177 1866 374 1931 quem
423 1840 668 1906 dudum
712 1841 929 1906 amissi
975 1843 1381 1928 episcopatus
1439 1843 1876 1928 intemperans
1931 1842 2162 1928 cupido
2210 1865 2314 1908 ex-

178 1933 507 2018 agitabat:
557 1930 788 2016 quibus
835 1938 1090 1996 sanctus
1122 1930 1526 2015 Augustinus
1558 1930 1724 1994 sicut
1756 1938 1822 1994 et
1852 1933 2052 1996 ceteri
2098 1941 2317 2019 patres

179 2019 526 2087 orthodoxi
581 2020 795 2084 multis
853 2020 1315 2084 sententiarum
1374 2017 1832 2084 catholicarum
1889 2019 2145 2085 milibus
2215 2043 2315 2086 re·

179 2109 597 2199 sponderunt,
642 2130 762 2175 nec
812 2129 1034 2174 eorum
1078 2117 1299 2175 tamen
1344 2106 1731 2174 dementiam
1778 2109 2099 2194 corrigere
2144 2109 2317 2175 uale-

180 2200 359 2267 bant:
413 2199 553 2283 sed,
589 2196 759 2284 quod
789 2200 1052 2283 grauius
1085 2208 1200 2281 est,
1235 2209 1535 2284 correpta
1566 2221 1785 2263 eorum
1815 2201 2079 2263 uesania
2111 2200 2319 2284 magis

185 2310 538 2375 augescere
617 2284 1106 2352 contradicendo
1177 2309 1372 2373 quam
1440 2286 1716 2352 fauendo
1785 2289 2045 2352 ueritati
2115 2287 2319 2352 uoluit

186 2378 544 2444 emundari.
617 2374 806 2454 Quod
841 2375 1107 2462 pulchre
1151 2376 1447 2441 uersibus
1485 2375 1759 2441 heroicis
1792 2376 2070 2463 Prosper
2100 2376 2320 2441 rhetor

184 2470 498 2550 insinuat,
548 2486 695 2529 cum
739 2467 830 2529 ait
876 2463 1124 2551 (Epiqr.
1162 2487 1235 2549 p.
1288 2467 1415 2530 193
1462 2486 1551 2551 sq.
1603 2465 1694 2530 ed.
1744 2464 1956 2530 Paria.
2005 2464 2227 2552 1720:

467 2624 704 2679 ‘Contra
738 2624 1121 2696 Augustinum
1156 2631 1418 2678 narratur
1456 2642 1677 2694 serpere
1715 2626 1945 2694 quidam

544 2696 810 2765 Scriptor,
847 2713 1013 2765 quem
1051 2697 1263 2750 dudum
1301 2698 1453 2749 liuor
1491 2697 1678 2749 adurit
1715 2697 1875 2749 edaX.

471 2768 612 2835 Quis
651 2773 817 2836 caput
854 2770 1105 2821 obscuris
1144 2773 1461 2821 contectum
1498 2774 1801 2836 utcumque
1840 2771 2096 2821 cauernis

543 2838 767 2891 Tollere
803 2841 974 2892 humo
1011 2842 1281 2892 miserum
1317 2839 1571 2909 propulit
1608 2840 2010 2909 anguiculum?

471 2910 596 2963 Aut
631 2911 779 2962 hunc
815 2912 976 2980 fruge
1014 2926 1116 2963 sua
1152 2913 1419 2979 aequorei
1456 2927 1661 2979 pauere
1698 2911 1975 2979 Britanni,

543 2980 663 3033 Aut
699 2982 789 3033 hic
827 2981 1110 3050 Campano
1148 2984 1406 3051 gramine
1445 2982 1614 3034 corda
1650 2982 1872 3034 tumet.'

1205 3160 1308 3224 11.

191 3302 262 3357 vt
294 3298 606 3367 regnante
640 3298 916 3355 Honorio
943 3296 1278 3355 Gratianus
1305 3298 1372 3353 et
1400 3297 1839 3355 Constantinus
1886 3298 1952 3353 in
1992 3297 2319 3355 Brittania

193 3371 435 3441 tyranni
464 3368 666 3426 creati
682 3385 704 3437 3
745 3368 810 3425 et
834 3383 979 3424 mox
991 3369 1644 3496 piffpiilipogiililztiania,
1684 3370 1985 3425 secundus
2014 3368 2081 3423 ln
2113 3367 2318 3427 Gallia

361 3566 554 3632 Anno
617 3565 701 3631 ab
768 3568 1200 3631 incarnatione
1260 3564 1505 3630 domini
1558 3562 1987 3649 COOC⁰V11⁰,
2056 3575 2315 3633 tenente

196 3658 528 3745 imperium
573 3653 865 3719 Honorio
911 3655 1208 3740 Augusto
1253 3654 1383 3719 filio
1432 3651 1781 3719 Theodosii
1837 3656 2127 3739 minoris,
2176 3656 2315 3721 loco

199 3748 272 3812 ab
331 3744 629 3831 Augusto
692 3744 1183 3829 quadragesimo
1247 3751 1475 3831 quarto
1551 3741 1728 3829 (ante
1787 3742 2121 3809 biennium
2188 3744 2313 3810 Ro-

197 3857 410 3902 manae
454 3834 872 3919 inruptionis,
928 3855 1092 3920 quae
1137 3855 1252 3919 per
1297 3832 1629 3897 Alaricum
1674 3854 1899 3917 regem
1948 3831 2310 3899 Gothorum

345 3942 524 3984 Baedae
549 3940 662 3981 hist.
694 3939 802 3980 eccl.
1964 3939 1999 3993 2
