2723 4326
226 116 362 169 1111.
401 116 623 171 19—20.
2252 118 2376 182 199

233 302 303 359 et
347 292 655 375 loculum,
715 293 781 355 in
835 313 961 378 quo
1020 294 1229 379 primo
1291 292 1546 379 sepulta
1593 302 1719 377 est,
1779 293 2098 358 nonnullis
2161 294 2377 359 oculos

228 380 600 447 dolentibus
662 382 851 445 saluti
910 381 1107 446 fuisse
1165 380 1532 470 perhibent3
1599 384 1709 468 qui
1757 405 1903 447 cum
1951 404 2138 448 suum
2184 391 2377 470 caput

235 469 453 536 eidem
495 470 705 535 loculo
772 469 1166 557 adponentes
1237 480 1543 554 orassent,
1613 492 1768 535 mox
1814 470 2050 536 doloris
2095 472 2231 537 siue
2277 494 2378 536 ca-

230 561 452 645 liginis
484 558 962 625 incommodum
994 560 1077 635 ab
1110 560 1308 625 oculis
1340 569 1733 627 amonerent.
1798 558 2128 625 Lauerunt
2175 562 2377 645 igitur

230 650 524 735 uirgines
580 670 810 735 corpus
866 657 931 713 et
982 650 1166 713 nouis
1212 648 1506 713 indutum
1561 650 1848 715 uestibus
1903 648 2258 715 intulerunt
2310 650 2378 714 in

232 739 604 821 ecclesiam,
653 747 847 823 atque
882 738 949 801 in
980 759 1074 821 e0,
1124 738 1293 824 quod
1341 736 1625 803 adlatum
1676 747 1835 823 erat,
1883 738 2221 823 sarcofago
2265 759 2376 825 po-

236 836 523 912 suerunt,
585 826 697 891 ubi
741 848 945 913 usque
988 824 1181 891 hodie
1226 828 1295 891 in
1340 848 1580 911 magna
1622 828 2038 893 ueneratione
2083 827 2375 893 habetur.

238 915 478 981 Mirum
525 938 681 981 uero
728 916 795 979 in
841 914 1102 980 modum
1144 918 1235 980 ita
1280 924 1505 1003 aptum
1553 918 1806 1004 corpori
1852 917 2123 1001 uirginis
2169 937 2378 981 sarco-

232 1006 465 1089 fagum
526 1006 860 1069 inuentum
928 1012 1055 1088 est,
1120 1026 1196 1069 ac
1241 1006 1296 1069 si
1360 1006 1420 1070 ei
1487 1004 1853 1091 specialiter
1921 1014 2379 1092 praeparatum

232 1094 494 1159 fuisset:
554 1103 619 1159 et
672 1092 848 1158 locus
907 1115 1163 1180 quoque
1220 1094 1450 1180 capitis
1505 1116 1796 1159 seorsum
1848 1093 2241 1159 fabrefactus
2295 1093 2379 1159 ad

240 1205 608 1248 mensuram
656 1183 883 1269 eapitis
928 1183 1097 1247 illius
1142 1184 1474 1270 aptissime
1519 1182 1834 1267 figuratus
1880 1184 2198 1271 apparuit.

420 1270 539 1335 Est
586 1280 801 1336 autem
846 1270 1015 1355 Elge
1058 1272 1126 1336 in
1169 1273 1508 1359 prouincia
1554 1268 1984 1337 Orientalium
2013 1270 2378 1357 Anglorum

234 1361 417 1443 regio
463 1360 855 1425 familiarum
914 1362 1173 1426 circiter
1232 1370 1712 1445 sexcentarum,
1771 1361 1839 1425 in
1897 1359 2378 1427 similitudinem

236 1451 491 1516 insulae
536 1450 641 1515 uel
684 1449 1045 1536 paludibus,
1092 1459 1164 1514 ut
1212 1449 1524 1531 diximus,
1573 1448 1972 1516 circumdata
2015 1450 2121 1515 uel
2165 1450 2376 1536 aquis:

236 1537 415 1605 unde
474 1548 541 1603 et
584 1561 625 1604 a
670 1539 856 1626 copia
912 1539 1353 1625 anguilarum,
1420 1560 1586 1625 quae
1631 1540 1696 1603 in
1745 1536 1987 1604 eisdem
2038 1537 2379 1626 paludibus

233 1630 612 1716 capiuntur,
672 1650 907 1693 nomen
964 1629 1241 1713 accepit3
1309 1628 1422 1691 ubi
1466 1629 1928 1692 monasterium
1987 1627 2228 1693 habere
2275 1626 2378 1691 de·

239 1718 553 1782 siderauit
598 1726 955 1782 memorata
987 1714 1228 1781 Christi
1260 1715 1520 1800 famula,
1570 1718 1874 1802 quoniam
1919 1715 2000 1780 de
2047 1717 2380 1802 prouincia

236 1804 594 1871 eorundem
638 1803 1069 1872 Orientalium
1098 1804 1459 1889 Anglorum
1504 1807 1664 1892 ipsa,
1712 1813 1784 1869 ut
1828 1805 2104 1892 praefati
2139 1826 2376 1888 sumus,

233 1896 453 1961 carnis
501 1896 815 1981 originem
862 1895 1156 1961 duxerat.

1170 2217 1254 2280 20
1303 2211 1462 2301 [18].

1031 2375 1301 2443 Hymnus
1338 2375 1414 2430 <le
1451 2373 1591 2428 illa.

424 2515 696 2583 Videtur
765 2528 1151 2606 oportunum
1217 2519 1368 2584 huic
1431 2518 1736 2582 historiae
1805 2517 2003 2580 etiam
2070 2512 2380 2600 hymnum

240 2608 639 2692 uirginitatis
684 2609 990 2691 inserere,
1038 2629 1229 2694 quem
1263 2617 1414 2672 ante
1447 2629 1645 2672 annos
1690 2606 2000 2693 plurimos
2032 2605 2098 2667 in
2127 2603 2383 2668 laudem

238 2719 322 2760 ae
380 2697 796 2784 praeconium
857 2695 1141 2762 eiusdem
1208 2698 1478 2780 reginae
1537 2718 1614 2760 ac
1675 2716 1948 2782 sponsae
2012 2691 2254 2758 Christi
2317 2701 2382 2757 et

238 2783 392 2851 ideo
456 2787 775 2852 ueraciter
836 2787 1135 2871 reginae,
1202 2787 1352 2872 quia
1415 2807 1690 2873 sponsae
1755 2781 2025 2864 Christi,
2096 2782 2380 2873 elegiaco

242 2883 454 2939 metro
502 2877 997 2963 composuimus,
1045 2884 1110 2940 et
1154 2875 1397 2939 imitari
1442 2896 1687 2939 morem
1734 2894 1956 2937 sacrae
2003 2872 2380 2959 scripturae,

240 2965 427 3028 cuius
472 2963 777 3030 historiae
823 2964 1107 3030 earmina
1151 2963 1428 3051 plurima
1473 2961 1701 3028 indita:
1751 2971 1816 3026 et
1860 2961 2022 3026 haec
2067 2969 2274 3025 metro
2306 2981 2382 3024 ac

240 3053 541 3118 uersibus
587 3062 839 3119 constat
886 3075 1026 3118 esse
1072 3054 1422 3140 conposita.

334 3141 535 3210 Alma
580 3141 737 3208 deus
782 3143 1056 3224 trinitas,
1106 3163 1269 3228 quae
1316 3140 1574 3206 saecula
1619 3147 1852 3204 cuncta
1897 3137 2238 3223 gubernas,

424 3229 657 3296 Adnue
701 3233 832 3296 iam
878 3232 1141 3316 coeptiS,
1189 3231 1360 3296 alma
1406 3228 1563 3296 deus
1608 3229 1879 3293 trinitas.

335 3317 523 3385 Bella
566 3321 747 3386 Maro
792 3328 1069 3403 resonet,
1115 3342 1231 3384 nos
1278 3321 1457 3407 pacis
1504 3316 1674 3383 dona
1719 3337 2050 3382 canamus:

427 3408 702 3474 Munera
746 3430 861 3473 nos
908 3407 1169 3492 Christi,
1218 3409 1390 3474 bella
1433 3406 1622 3473 Maro
1669 3414 1942 3474 resonet.

336 3495 645 3564 Carmina
691 3508 869 3564 casta
913 3498 1091 3581 mihi,
1138 3496 1366 3562 foedae
1411 3519 1540 3561 non
1582 3506 1806 3582 raptus
1851 3493 2161 3559 Helenae.

427 3585 651 3652 Luxus
697 3588 820 3653 erit
863 3587 1145 3670 lubriciS,
1195 3587 1482 3651 carmina
1527 3594 1706 3650 easta
1751 3583 1926 3649 mihi.

334 3673 527 3742 Dona
572 3699 853 3764 superna
896 3676 1143 3763 loquar,
1192 3678 1466 3740 miserae
1511 3694 1639 3739 non
1685 3673 1932 3761 proelia
1979 3671 2236 3755 Troiae,

431 3765 642 3833 Terra
686 3765 916 3853 quibus
963 3765 1232 3851 gaudet:
1282 3763 1450 3829 dona
1495 3785 1774 3850 superna
1816 3762 2062 3848 loquar.
