2723 4326
444 196 573 260 268
2237 192 2304 244 V.
2341 192 2563 246 20—21
2575 234 2588 245 .

445 371 549 435 die
616 370 789 453 facit,
856 380 928 434 ut
997 367 1331 455 adquisitis
1385 367 1831 453 undecumque
1889 368 2172 453 reliquiis
2237 368 2591 433 beatorum

446 461 879 546 apostolorum
910 468 975 523 et
1006 467 1365 544 martyrum
1390 456 1649 539 Christi,
1685 459 1751 521 in
1795 458 2271 521 uenerationem
2317 458 2588 521 illorum

444 559 713 635 poneret
773 548 1027 630 altaria,
1085 545 1397 611 distinctis
1451 547 1802 632 porticibus
1863 547 1930 609 in
1985 546 2105 610 hoc
2149 548 2359 633 ipsum
2403 548 2592 611 intra

445 660 663 702 muros
709 636 995 701 eiusdem
1040 636 1366 721 ecclesiae,
1414 634 1527 699 sed
1560 644 1623 699 et
1653 634 1954 699 historias
1984 636 2297 721 passionis
2330 657 2586 717 eorum,

444 749 575 791 una
619 747 765 791 cum
822 728 1053 789 ceteris
1101 726 1550 790 ecclesiasticis
1596 725 2047 807 uoluminibus,
2095 746 2345 788 summa
2390 724 2585 787 indu-

448 817 603 879 stria
650 836 1075 899 congregans,
1124 814 1585 899 amplissimam
1620 813 1712 877 ibi
1744 836 1820 877 ac
1852 813 2312 877 nobilissimam
2343 813 2585 877 biblio-

446 904 700 969 thecam
746 903 899 968 fecit
944 925 1063 967 nec
1108 924 1236 967 non
1282 912 1346 967 et
1392 912 1548 966 uasa
1593 912 1817 966 sancta
1850 911 1916 967 et
1946 902 2284 967 luminaria
2321 903 2590 988 aliaque

446 991 826 1074 huiusmodi,
875 1014 1038 1077 quae
1085 990 1167 1055 ad
1214 1000 1510 1055 ornatum
1556 990 1781 1055 domus
1829 990 1934 1056 dei
1964 993 2308 1077 pertinent,
2341 991 2588 1055 studio-

448 1083 698 1146 sissime
742 1083 1015 1169 parauit.
1109 1077 1525 1145 Cantatorem
1573 1102 1825 1166 quoque
1870 1082 2207 1165 egregium
2263 1080 2588 1145 uocabulo

446 1170 722 1253 Maban,
795 1172 902 1256 qui
970 1192 1009 1233 a
1078 1169 1550 1233 successoribus
1620 1167 2074 1255 discipulorum
2132 1169 2308 1234 beati
2366 1192 2590 1256 papae

450 1257 756 1343 Gregorii
801 1262 868 1322 in
914 1257 1145 1323 Cantia
1190 1258 1401 1323 fuerat
1447 1258 1747 1323 cantandi
1794 1279 1981 1323 sonos
2029 1257 2330 1342 edoctus,
2378 1257 2463 1321 ad
2513 1281 2587 1323 se

448 1369 725 1433 suosque
788 1346 1210 1411 instituendos
1267 1348 1563 1411 accersiit
1618 1369 1696 1424 ac
1742 1368 1857 1432 per
1902 1368 2103 1411 annos
2149 1346 2290 1411 XII
2334 1348 2584 1411 tenuit:

423 1446 763 1522 ‘quatenus
812 1444 895 1518 et,
944 1458 1108 1521 quae
1153 1436 1247 1500 illi
1291 1457 1418 1500 non
1457 1447 1790 1519 nouerant,
1825 1437 2112 1500 carmina
2143 1437 2587 1501 ecclesiastica

453 1525 745 1608 doceret3
798 1534 865 1589 et
910 1547 1005 1608 ea,
1053 1546 1217 1611 quae
1263 1523 1583 1611 quondam
1631 1526 1893 1610 cognita
1935 1524 2129 1610 longo
2172 1547 2294 1589 usu
2322 1525 2430 1589 uel
2463 1548 2580 1591 ne-

448 1614 779 1698 glegentia
822 1615 1186 1678 inueterare
1233 1624 1613 1701 coeperunt,
1683 1613 1870 1677 huius
1935 1613 2226 1678 doctrina
2291 1616 2584 1700 priscum

449 1712 915 1768 renouarentur
982 1705 1048 1766 in
1104 1711 1364 1767 statum.
1457 1702 1630 1767 Nam
1694 1712 1758 1767 et
1813 1705 1952 1788 ipse
2013 1704 2350 1789 episcopus
2398 1702 2586 1767 Acca

452 1800 741 1855 cantator
762 1800 901 1855 erat
924 1792 1373 1877 peritissimus,
1399 1791 1716 1877 quomodo
1750 1794 1946 1856 etiam
1977 1793 2044 1855 in
2073 1792 2307 1856 litteris
2341 1793 2585 1855 sanctis

452 1878 853 1945 doctissimus
903 1889 967 1944 et
1013 1882 1081 1945 in
1128 1881 1478 1945 catholicae
1523 1878 1672 1943 fidei
1718 1880 2117 1944 confessione
2162 1880 2582 1963 castissimuS,

450 1970 517 2033 in
564 1968 1037 2033 ecclesiasticae
1086 1992 1339 2055 quoque
1384 1970 1798 2034 institutionis
1830 1971 2074 2052 regulis
2107 1969 2585 2033 sollertissimus

452 2059 818 2141 exstiterat3
868 2068 933 2124 et
963 2057 1319 2143 usquedum
1366 2060 1654 2144 praemia
1699 2059 1844 2143 piae
1892 2057 2248 2122 deuotionis
2280 2058 2582 2143 accipiat,

452 2148 731 2212 existere
778 2169 906 2212 non
952 2146 1229 2212 desistit:
1278 2155 1505 2233 utpote
1555 2147 1662 2233 qui
1711 2170 1748 2210 a
1779 2148 2060 2234 pueritia
2103 2146 2171 2211 in
2219 2145 2389 2211 clero
2438 2170 2584 2211 san-

454 2238 721 2301 ctissimi
750 2260 825 2300 ac
855 2236 973 2300 deo
1022 2236 1239 2302 dilecti
1270 2236 1445 2300 Bosa
1492 2235 1919 2300 Eboracensis
1966 2237 2253 2323 episcopi
2299 2237 2584 2300 nutritus

450 2334 645 2410 atque
691 2324 977 2389 eruditus
1026 2334 1154 2408 est3
1191 2323 1453 2390 -deinde
1509 2323 1592 2389 ad
1638 2324 1989 2389 Vilfridum
2048 2325 2416 2410 episcopum
2465 2347 2584 2410 spe

451 2415 737 2479 melioris
781 2416 1094 2500 propositi
1139 2413 1488 2479 adueniens
1537 2435 1793 2478 omnem
1840 2416 1905 2477 in
1953 2416 2090 2478 eius
2137 2414 2445 2500 obsequio
2478 2437 2583 2478 us-

452 2525 575 2588 que
630 2501 715 2567 ad
776 2503 1020 2567 obitum
1075 2502 1242 2567 illius
1303 2502 1590 2588 expleuit
1635 2511 1952 2567 aetatem:
2017 2525 2161 2567 cum
2209 2525 2334 2588 quo
2383 2505 2586 2567 etiam

449 2593 724 2656 Romam
775 2593 1039 2656 ueniens
1103 2592 1305 2656 multa
1361 2592 1524 2676 illic,
1592 2613 1756 2677 quae
1809 2592 1876 2655 in
1923 2593 2134 2678 patria
2178 2593 2582 2678 nequiuerat,

454 2681 763 2744 ecclesiae
812 2691 1069 2745 sanctae
1113 2681 1422 2746 institutis
1467 2680 1650 2744 utilia
1697 2680 1940 2748 didicit.

1469 2915 1574 2978 21.

452 3068 532 3125 vt
558 3067 836 3124 Geolfrid
870 3071 1057 3131 abbas
1083 3070 1222 3137 regi
1248 3070 1573 3125 Pictorum
1611 3070 1992 3126 architectos
2030 3069 2354 3138 ecclesiae,
2396 3068 2586 3123 simul

506 3159 571 3212 et
608 3158 942 3227 epistulam
980 3160 1053 3214 ‹le
1091 3158 1400 3214 catholico
1437 3159 1666 3228 pascha
1704 3159 1810 3214 uel
1847 3159 1922 3214 de
1960 3160 2220 3215 tonsura
2255 3156 2527 3214 miserit.

631 3302 728 3365 Eo
760 3311 1048 3389 tempore
1079 3301 1145 3366 N
1147 3305 1321 3366 aiton
1351 3324 1467 3366 rex
1499 3303 1848 3384 Pictorum,
1910 3304 2019 3387 qui
2050 3300 2582 3387 septentrionales

454 3389 812 3456 Brittaniae
857 3391 1084 3476 plagas
1130 3390 1521 3473 inhabitant,
1582 3389 1945 3455 admonitus
2005 3390 2583 3455 ecclesiasticarum

456 3478 773 3564 frequenti
820 3479 1233 3544 meditatione
1280 3483 1769 3566 scripturarum,
1835 3479 2309 3544 abrenuntiauit
2356 3481 2579 3562 errori,

454 3589 580 3652 quo
628 3577 893 3633 eatenus
940 3571 1005 3633 in
1052 3570 1502 3634 obseruatione
1533 3568 1814 3655 paschae
1861 3590 2006 3633 cum
2039 3591 2154 3632 sua
2176 3577 2372 3653 gente
2405 3577 2580 3634 tene-

454 3655 661 3739 batur,
711 3666 775 3720 et
822 3679 891 3721 se
937 3679 1211 3743 suosque
1260 3680 1480 3722 omnes
1528 3657 1609 3722 ad
1657 3657 2041 3722 catholicum
2080 3656 2438 3722 dominicae
2483 3679 2579 3721 re-

459 3747 869 3809 surrectionis
914 3754 1168 3833 tempus
1216 3745 1674 3812 celebrandum
1722 3748 2042 3834 perduxit.
2138 3743 2325 3822 Quod
2371 3755 2445 3810 ut
2489 3746 2579 3810 fa-

462 3830 641 3894 cilius
690 3841 754 3896 et
799 3835 1026 3898 maiori
1070 3838 1455 3901 auctoritate
1501 3835 1861 3923 perficeret,
1911 3837 2229 3922 quaesiuit
2275 3836 2582 3899 auxilium
