2723 4326
415 236 543 299 246
2349 235 2414 286 V.
2460 237 2548 289 12.

409 412 635 476 mortis
667 412 733 475 in
778 418 957 476 tanta
1002 413 1231 477 mentis
1278 421 1343 477 et
1391 414 1674 498 corporis
1723 414 2102 478 contritione
2136 410 2416 496 durauit,
2469 422 2546 477 ut

410 500 613 565 multa
655 498 853 583 illum,
902 522 1065 586 quae
1112 500 1269 566 alios
1313 502 1606 585 laterent,
1655 502 1762 567 uel
1804 500 2123 567 horrenda
2154 501 2254 566 uel
2291 500 2545 566 deside-

411 587 612 654 randa
656 586 911 671 uidisse,
959 590 1211 655 etiamsi
1256 590 1479 675 lingua
1523 591 1761 675 sileret,
1812 591 1946 655 uita
1990 591 2380 677 loqueretur.

589 676 915 743 Narrabat
959 687 1177 743 autem
1221 676 1344 743 hoc
1391 678 1601 764 modo,
1653 677 1825 766 quod
1870 680 2148 745 uiderat:
2217 678 2545 743 ‘Lucidus'

412 769 705 855 inquiens
753 766 1037 853 ‘aspectu
1085 776 1149 833 et
1195 769 1407 832 clarus
1454 778 1590 834 erat
1636 767 2026 852 indumento,
2076 770 2186 856 qui
2217 791 2322 834 me
2354 768 2548 833 duce-

412 857 545 923 bat.
638 854 1103 921 Incedebamus
1164 867 1385 923 autem
1450 866 1765 943 tacentes,
1838 868 1909 923 ut
1968 856 2310 923 uidebatur
2365 855 2546 941 mihi,

414 954 638 1010 contra
697 954 905 1010 ortum
968 946 1117 1010 solis
1188 947 1622 1030 solstitialem3
1701 969 1976 1034 cumque
2046 947 2546 1030 ambularemuS,

414 1033 787 1099 deuenimus
847 1032 930 1098 ad
976 1034 1209 1100 uallem
1254 1035 1496 1100 multae
1541 1036 1894 1101 latitudinis
1942 1059 2020 1100 ac
2064 1033 2544 1122 profunditatis,

415 1122 703 1188 infinitae
748 1133 964 1188 autem
1008 1123 1461 1211 longitudinis3
1530 1146 1694 1211 quae
1740 1125 1826 1189 ad
1869 1126 2122 1215 laeuam
2167 1124 2351 1189 nobis
2399 1126 2546 1208 sita,

415 1234 616 1277 unum
660 1213 827 1277 latus
873 1212 1149 1278 flammis
1180 1213 1580 1279 sernentibus
1613 1216 1880 1279 nimium
1914 1214 2219 1296 terribile,
2268 1213 2547 1278 alterum

415 1302 651 1366 furenti
697 1300 1011 1387 grandine
1057 1324 1134 1365 ac
1179 1302 1424 1389 frigore
1470 1304 1715 1368 niuium
1764 1305 1977 1369 omnia
2007 1302 2318 1390 perflante
2348 1310 2548 1387 atque

416 1398 713 1455 uerrente
776 1411 905 1454 non
949 1390 1157 1455 minus
1205 1390 1606 1457 intolerabile
1660 1392 2089 1479 praeferebat.
2184 1392 2548 1476 Vtrumque

414 1487 633 1544 autem
698 1488 835 1544 erat
902 1480 1237 1545 animabus
1296 1480 1626 1546 hominum
1687 1482 1979 1568 plenum,
2051 1502 2215 1567 quae
2263 1481 2548 1544 uicissim

413 1567 561 1631 hinc
617 1566 765 1632 inde
823 1568 1209 1633 uidebantur
1270 1572 1453 1656 quasi
1514 1571 1920 1657 tempestatis
1984 1572 2230 1656 impetu
2296 1570 2546 1634 iactari.

415 1654 579 1721 Cum
628 1659 819 1734 enim(
846 1659 977 1721 uim
1039 1658 1312 1723 feruoris
1374 1661 1646 1724 inmensi
1710 1660 1983 1724 tolerare
2055 1681 2183 1723 non
2261 1666 2546 1745 possent,

414 1746 829 1831 prosiliebant
888 1748 1161 1813 miserae
1206 1749 1273 1812 in
1318 1746 1599 1814 medium
1658 1748 1916 1833 frigoris
1975 1748 2220 1813 infesti:
2287 1757 2352 1812 et
2399 1769 2549 1811 cum

413 1856 622 1921 neque
667 1835 758 1900 ibi
804 1836 1133 1923 quippiam
1176 1839 1424 1923 requiei
1468 1839 1756 1901 inuenire
1799 1836 2118 1920 ualerent,
2178 1835 2552 1901 resiliebant

412 1945 631 1988 rursus
689 1924 974 1989 urendae
1019 1926 1085 1990 in
1132 1923 1414 1990 medium
1472 1924 1880 1992 flammarum
1939 1925 2549 2010 inextinguibilium.

418 2010 711 2099 Cumque
768 2012 889 2078 hac
953 2014 1193 2079 infelici
1251 2014 1692 2080 uicissitudine
1751 2014 1944 2100 longe
2003 2014 2290 2101 lateque,
2355 2022 2550 2099 prout

416 2103 703 2189 aspicere
747 2112 1061 2191 poteram,
1110 2105 1247 2169 sine
1284 2103 1414 2168 ulla
1461 2105 1692 2192 quietis
1738 2102 2215 2192 intercapedine
2259 2104 2549 2168 innume-

415 2191 635 2256 rabilis
691 2194 1031 2280 spirituum
1077 2193 1462 2258 deformium
1508 2193 1846 2259 multitudo
1893 2201 2325 2280 torqueretur,
2375 2193 2552 2276 cogi·

416 2289 555 2345 tare
592 2283 793 2368 coepi,
843 2282 1014 2368 quod
1058 2280 1163 2346 hic
1210 2281 1482 2347 fortasse
1529 2292 1698 2348 esset
1743 2282 2048 2366 infernus,
2097 2282 2178 2346 de
2211 2283 2391 2345 cuius
2421 2292 2554 2345 tor·

415 2372 648 2434 mentis
694 2370 1200 2435 intolerabilibus
1247 2392 1526 2437 narrare.
1556 2373 1809 2458 saepius
1855 2370 2091 2436 audiui.
2191 2368 2552 2456 Respondit

416 2460 791 2544 cogitationi
836 2480 1019 2524 meae
1065 2457 1308 2544 ductor,
1357 2463 1468 2548 qui
1497 2484 1602 2526 me
1648 2461 2103 2548 praecedebat:
2158 2457 2349 2546 „Non
2380 2454 2544 2522 hoc“

418 2549 711 2670 inquie‘ns
762 2550 1170 2634 „suspiceri53
1219 2556 1347 2613 non
1382 2549 1550 2614 enim
1581 2550 1687 2615 hic
1734 2548 2021 2614 infernus
2055 2557 2152 2612 est
2180 2548 2307 2632 ille,
2357 2568 2555 2633 quem

463 2646 622 2701 utas.

416 2659 460 2723 p
598 2725 710 2790 ‘At
740 2747 887 2790 cum
918 2748 1021 2790 me
1053 2726 1175 2792 hoc
1206 2726 1572 2814 spectaculo
1604 2735 1738 2790 tam
1769 2725 2088 2792 horrcndo
2134 2726 2556 2812 perterritum

418 2814 729 2900 paulatim
773 2817 839 2878 in
883 2815 1189 2880 ulteriora
1234 2814 1638 2902 produceret,
1684 2814 1815 2879 uidi
1864 2815 2074 2880 subito
2108 2824 2260 2879 ante
2291 2835 2407 2878 nos
2440 2812 2553 2877 ob—

420 2905 663 2967 scurari
708 2905 988 2991 incipere
1018 2905 1161 2969 loca
1192 2913 1257 2969 et
1289 2905 1574 2970 tenebris
1615 2906 1829 2968 omnia
1873 2904 2128 2991 repleri.
2195 2901 2371 2981 Quas
2404 2923 2556 2966 cum

419 2993 823 3077 intraremus,
870 2994 936 3057 in
966 3000 1217 3058 tantum
1248 2993 1572 3080 paulisper
1613 2991 2039 3058 condensatae
2073 3000 2240 3072 sunt,
2290 3001 2362 3055 ut
2394 2989 2557 3054 nihil

420 3090 677 3168 praeter
709 3084 879 3168 ipsas
911 3082 1286 3168 aspicerem,
1336 3091 1606 3168 excepta
1650 3080 1986 3146 dumtaxat
2028 3082 2242 3168 specie
2274 3089 2339 3145 et
2370 3091 2556 3143 ueste

420 3172 577 3255 eius,
604 3171 715 3258 qui
735 3193 837 3237 me
858 3169 1151 3236 ducebat.
1202 3170 1290 3235 Et
1314 3193 1459 3235 cum
1479 3170 2021 3257 progrederemur
2041 3169 2195 3234 ‘sola
2221 3168 2339 3233 sub
2366 3175 2558 3232 nocte

419 3281 536 3346 per
565 3260 848 3325 umbras’
875 3257 1090 3346 (Verq.
1113 3259 1269 3324 Aen.
1292 3258 1394 3323 VI
1417 3258 1597 3346 268),
1632 3282 1780 3324 ecce
1811 3259 2022 3324 subito
2054 3264 2370 3345 apparent
2401 3264 2556 3321 ante

419 3371 539 3413 nos
586 3349 799 3414 crebri
844 3348 1248 3414 flammarum
1294 3356 1611 3413 tetrarum
1657 3347 1854 3433 globi,
1901 3347 2324 3414 ascendentes
2373 3347 2560 3432 quasi

420 3437 503 3502 de
545 3448 737 3526 puteo
782 3459 1039 3524 magno,
1088 3458 1475 3524 rursumque
1520 3435 1892 3502 decidentes
1939 3437 2006 3500 in
2051 3434 2344 3500 eundem.
2409 3431 2557 3512 Quo

422 3549 569 3591 cum
614 3526 960 3614 perductus
1009 3549 1244 3611 essem,
1307 3534 1575 3613 repente
1621 3525 1849 3590 ductor
1896 3546 2075 3590 meus
2122 3522 2435 3608 disparuit
2481 3545 2560 3586 ac

420 3639 526 3680 me
573 3616 778 3681 solum
822 3618 890 3681 in
929 3613 1140 3680 medio
1187 3613 1601 3680 tenebrarum
1647 3623 1713 3678 et
1757 3611 2054 3679 horridae
2101 3613 2361 3677 uisionis
2409 3612 2558 3676 reli—

424 3705 581 3788 quit.
683 3704 773 3770 At
843 3727 987 3770 cum
1056 3705 1228 3770 idem
1296 3702 1475 3788 globi
1543 3705 1792 3789 ignium
1874 3705 2010 3767 sine
2085 3700 2560 3766 intermissione

422 3789 612 3855 modo
659 3793 789 3858 alta
834 3802 1163 3880 peterent,
1225 3793 1416 3857 modo
1463 3793 1594 3857 ima
1637 3791 1881 3856 baratri
1926 3798 2315 3877 repeterent,
2366 3809 2560 3853 cerno

424 3881 659 3964 omnia,
708 3903 874 3967 quae
919 3881 1374 3966 ascendebant,
1423 3881 1684 3968 fastigia
1729 3878 2131 3946 flammarum
2182 3879 2372 3965 plena
2418 3899 2560 3942 esse
