2723 4326
372 245 505 310 290
2311 246 2375 296 v,
2419 246 2511 299 24-

372 421 551 507 prius
611 418 867 483 heroico
912 429 1119 485 metro
1168 428 1238 484 et
1276 420 1686 506 postmodum
1745 420 1939 507 plano
1999 442 2330 505 sermone,
2393 420 2505 487 de·
2527 474 2540 482 .

375 530 499 573 ser1
548 532 619 572 ει.
2501 558 2506 563 .

501 531 905 661 pHistoriam
936 596 1243 662 abbatum
1277 597 1648 662 monasterii
1679 594 1887 680 huius,
1935 600 2002 662 in
2033 620 2157 685 quo
2193 621 2508 684 supernae

417 688 602 751 ietati
655 684 979 751 deseruire
1049 684 1327 771 gaudeo,
1377 684 1741 770 Benedicti,
1791 684 2098 752 ceolfridi
2153 698 2215 752 et
2261 688 2509 753 Huaet-

372 710 581 840 bereti
628 775 694 839 in
738 775 969 839 libellis
1017 774 1279 839 duobus.

552 863 908 929 Historiam
976 864 1477 929 ecelesiasticam
1537 872 1794 929 nostrae
1859 864 2106 930 insulae
2161 887 2238 929 ae
2295 867 2510 951 gentis

374 954 443 1017 in
484 953 665 1018 libris
712 951 791 1017 V.

552 1041 1088 1127 Martyrologium
1152 1039 1230 1104 de
1304 1039 1624 1105 nataliciis
1699 1050 2067 1107 sanctorum
2147 1052 2510 1129 martyrum

376 1130 632 1212 diebus3
698 1132 765 1194 in
812 1152 936 1216 quo
986 1152 1237 1213 omnes,
1304 1152 1462 1215 quos
1509 1131 1797 1195 inuenire
1842 1132 2050 1217 potui,
2121 1152 2250 1194 non
2296 1132 2510 1196 solum

376 1241 503 1305 qua
548 1219 671 1302 die,
720 1241 947 1283 uerum
992 1220 1185 1283 etiam
1234 1240 1359 1304 quo
1409 1240 1646 1304 genere
1693 1221 2059 1284 certaminis
2091 1220 2195 1284 uel
2227 1220 2345 1285 sub
2379 1242 2510 1307 quo

375 1307 583 1373 iudice
626 1306 935 1372 mundum
984 1309 1274 1391 uicerint,
1323 1307 1670 1393 diligenter
1714 1307 2022 1373 adnotare
2067 1307 2300 1373 studui.

554 1396 821 1461 Librum
868 1396 1251 1480 hymnorum
1296 1395 1549 1461 diuerso
1595 1406 1803 1463 metro
1850 1400 1988 1462 siue
2033 1396 2354 1484 rhythmo,

555 1483 824 1549 Librum
870 1488 1412 1571 epigrammatum
1461 1485 1715 1551 heroico
1761 1495 1965 1551 metro
2011 1486 2148 1551 siue
2196 1486 2506 1571 elegiaco,

553 1573 657 1639 De
702 1584 935 1638 natura
987 1597 1200 1639 rerum
1249 1585 1313 1640 et
1358 1574 1439 1639 de
1484 1576 1881 1661 temporibus
1933 1576 2132 1640 libros
2189 1575 2506 1659 singulos;

376 1664 535 1728 item
580 1662 659 1729 de
704 1663 1100 1749 temporibus
1145 1662 1380 1729 librum
1427 1663 1461 1727 I
1505 1666 1832 1729 maiorem.

554 1750 825 1817 Librum
870 1750 949 1817 de
974 1752 1430 1839 orthographia
1473 1751 1804 1839 alphabeti
1848 1750 2070 1817 ordine
2117 1750 2507 1817 distinctum.

552 1839 721 1905 Item
766 1841 1000 1906 librum
1044 1840 1123 1906 de
1178 1843 1446 1905 metrica
1477 1850 1633 1925 arte,
1683 1851 1747 1906 et
1778 1841 1927 1907 huie
1956 1842 2278 1907 adiectum
2309 1841 2510 1906 alium

378 1930 459 1994 de
506 1929 937 1995 schematibus
1002 1932 1138 1995 siue
1194 1931 1396 2017 tropis
1453 1930 1769 2012 libellum,
1831 1930 1953 1995 hoe
2011 1940 2109 1995 est
2154 1930 2235 1996 de
2279 1929 2509 2015 figuris

377 2018 707 2104 modisque
737 2019 1149 2103 locutionum,
1184 2019 1413 2105 quibus
1444 2020 1762 2106 scriptura
1795 2029 2016 2084 saneta
2048 2028 2350 2084 contexta
2369 2019 2509 2083 est.'

558 2107 784 2194 Teque
832 2106 1161 2196 deprecor,
1210 2108 1376 2174 bone
1404 2107 1578 2192 Iesu,
1623 2122 1698 2174 ut
1746 2111 1848 2174 cui
1894 2110 2212 2196 propitius
2257 2105 2515 2174 donasti

378 2198 577 2262 uerba
606 2207 755 2262 tuae
786 2200 1089 2263 scientiae
1114 2197 1388 2264 dulciter
1425 2197 1699 2282 haurire,
1735 2197 1932 2264 dones
1965 2200 2162 2263 etiam
2193 2198 2514 2282 benignus

380 2285 719 2372 aliquando
778 2285 862 2351 ad
920 2296 987 2351 te
1045 2287 1289 2352 fontem
1348 2288 1554 2350 omnis
1619 2289 1975 2373 sapientiae
2042 2289 2383 2374 peruenire
2446 2297 2515 2352 et

374 2397 607 2462 parere
653 2397 907 2462 semper
952 2385 1102 2440 ante
1148 2375 1381 2441 faeiem
1427 2386 1625 2441 tuam.
