2723 4326
399 181 526 245 104
1980 248 1985 255 Ι
2236 178 2333 231 111.
2376 178 2531 232 1—2.

392 358 567 422 rarie
627 354 1009 439 obsedisset,
1077 375 1418 440 erumpens
1464 354 1675 419 subito
1723 376 1872 420 cum
1917 356 2047 419 suis
2096 354 2390 420 omnibus
2435 357 2529 419 in·

286 508 290 512 .
391 454 690 533 paratum
737 466 884 509 cum
929 452 1064 509 toto
1114 445 1403 507 exercitu
1458 441 1714 508 deleuit.
1808 444 1981 507 Dein
2028 467 2174 509 cum
2221 466 2387 509 anno
2434 447 2528 509 in·

391 544 578 620 tegro
646 535 1014 622 prouincias
1073 531 1137 595 N
1143 532 1768 618 ordanhymbrorum
1826 554 1955 598 non
2013 542 2084 597 ut
2143 555 2261 597 rex
2318 536 2529 598 uictor

391 622 780 711 possideret,
849 620 962 688 sed
1021 623 1203 709 quasi
1261 630 1575 708 tyrannus
1634 623 1927 687 saeuiens
1986 621 2387 710 disperderet
2449 645 2528 688 ac

390 715 645 797 tragica
702 711 900 777 caede
959 709 1369 794 dilaceraret,
1432 709 1694 776 tandem
1740 709 2124 776 Eanfridum
2166 712 2529 777 inconsulte

391 800 474 867 ad
520 826 591 867 se
635 823 782 866 cum
827 800 972 865 XII
1015 800 1200 866 lectis
1245 800 1555 864 militibus
1599 799 2017 886 postulandae
2076 802 2254 886 pacis
2315 803 2531 884 gratia

392 893 760 957 uenientem
807 890 1001 955 simili
1047 897 1219 954 sorte
1266 889 1617 954 damnauit.
1682 889 2013 954 Infaustus
2058 890 2166 955 ille
2212 910 2417 954 annus
2464 900 2531 955 et

393 979 688 1046 omnibus
733 981 916 1046 bonis
964 1000 1194 1043 exosus
1226 1000 1431 1064 usque
1461 977 1651 1044 hodie
1695 987 2053 1066 permanet,
2100 988 2234 1043 tam
2265 987 2531 1065 propter

391 1070 780 1156 apostasiam
838 1089 1069 1153 regum
1126 1067 1518 1153 Anglorum,
1580 1089 1709 1153 qua
1768 1090 1837 1132 se
1895 1065 2049 1132 fidei
2108 1070 2531 1133 sacramentis

392 1167 727 1243 exuerant,
790 1179 986 1243 quam
1029 1165 1295 1243 propter
1338 1178 1642 1221 uesanam
1688 1155 2048 1221 Brettonici
2092 1157 2266 1242 regis
2310 1164 2532 1244 tyran-

389 1248 627 1313 nidem.
719 1244 909 1310 Vnde
955 1248 1201 1309 cunctis
1247 1245 1491 1332 placuit
1536 1267 1766 1330 regum
1811 1255 2108 1333 tempora
2154 1254 2532 1332 computan-

389 1337 594 1420 tibus,
657 1343 730 1399 ut
787 1334 1004 1399 ablata
1049 1332 1128 1398 de
1172 1334 1388 1398 medio
1445 1356 1678 1418 regum
1737 1331 2128 1422 perfidorum
2190 1336 2527 1418 memoria,

389 1424 564 1491 idem
611 1446 812 1489 annus
861 1424 1188 1509 sequentis
1248 1424 1455 1508 regis,
1521 1422 1589 1487 id
1634 1432 1732 1488 est
1781 1422 2050 1489 Osualdi
2094 1424 2219 1488 uiri
2267 1423 2387 1488 deo
2434 1421 2530 1487 di·

388 1514 569 1598 lecti,
633 1534 837 1599 regno
895 1510 1377 1597 adsignaretur:
1443 1534 1569 1598 quo
1580 1562 1598 1597 ,
1660 1522 1807 1599 post
1866 1513 2250 1578 occisionem
2308 1512 2533 1577 fratris

389 1601 715 1687 Eanfridi,
794 1603 1286 1688 superueniente
1350 1623 1498 1665 cum
1565 1623 1767 1688 paruo
1837 1602 2153 1685 exercitu,
2225 1601 2335 1667 sed
2398 1599 2533 1667 fide

391 1691 631 1757 Christi
677 1692 952 1775 munito,
1012 1689 1308 1755 infandus
1354 1689 1743 1755 Brettonum
1789 1690 1949 1775 dux,
2010 1713 2157 1755 cum
2220 1690 2531 1755 inmensis

388 1782 510 1846 illis
558 1780 787 1867 copiis,
848 1780 1080 1866 quibus
1138 1779 1298 1843 nihil
1359 1780 1665 1846 resistere
1723 1802 1912 1868 posse
1959 1779 2269 1862 iactabat,
2329 1782 2527 1844 inter-

390 1878 598 1934 emtus
667 1878 765 1933 est
821 1871 888 1933 in
945 1871 1112 1951 loco,
1175 1870 1284 1955 qui
1342 1869 1564 1955 lingua
1607 1868 1970 1955 Anglorum
2017 1867 2529 1953 Denisesburna,

388 1956 457 2023 id
504 1967 602 2023 est
647 1959 824 2022 riuus
867 1958 1116 2043 Denisi,
1171 1967 1460 2023 uocatur.
2390 1988 2395 1991 ·

1424 2193 1484 2254 2.

384 2346 465 2404 vt
502 2347 576 2403 ‹le
613 2347 789 2416 ligno
828 2347 1068 2417 crucIS,
1121 2348 1280 2417 quod
1329 2347 1492 2403 idem
1539 2363 1655 2403 rex
1692 2347 1912 2404 contra
1949 2347 2251 2404 barbaros
2288 2362 2531 2416 pugna-

383 2437 568 2492 turus
607 2437 920 2505 erexerat,
961 2436 1131 2492 Inter
1170 2436 1496 2492 innumera
1533 2436 1871 2492 sanitatum
1909 2437 2235 2505 miracula,
2276 2436 2531 2504 quidam

741 2540 778 2580 a
815 2525 1088 2581 dolentis
1126 2525 1373 2582 brachii
1414 2525 1502 2581 sit
1538 2525 1841 2593 languore
1880 2526 2163 2581 curatus.

560 2668 945 2735 Ostenditur
1002 2679 1217 2734 autem
1276 2692 1479 2756 usque
1542 2669 1731 2734 hodie
1796 2679 1861 2735 et
1905 2671 1974 2735 in
2032 2691 2271 2753 magna
2329 2691 2529 2746 uene·

381 2759 632 2823 ratione
679 2758 954 2824 habetur
999 2759 1175 2824 locus
1221 2758 1347 2843 ille,
1397 2758 1511 2823 ubi
1554 2767 1863 2824 uenturus
1910 2759 1993 2824 ad
2024 2758 2187 2822 hanc
2233 2779 2530 2844 pugnam

384 2844 632 2911 Osuald
697 2849 956 2931 signum
1015 2857 1273 2914 sanctae
1334 2849 1543 2912 crucis
1603 2849 1809 2912 erexit
1868 2871 1944 2912 ac
2003 2844 2187 2912 flexis
2246 2847 2527 2931 genibus

381 2934 712 3000 dominum
774 2936 1156 3023 deprecatus
1217 2944 1341 3020 est,
1405 2945 1477 3001 ut
1522 2938 1591 3000 in
1635 2946 1815 3001 tanta
1858 2959 2077 3002 rerum
2131 2937 2526 3002 necessitate

379 3025 510 3090 suis
559 3025 910 3090 cultoribus
957 3024 1216 3090 caelesti
1263 3034 1671 3090 succurreret
1716 3026 1975 3094 auxilio,
2047 3025 2349 3111 Denique
2394 3023 2527 3088 fer-

378 3121 512 3197 tur,
576 3116 728 3200 quia
773 3115 947 3180 facta
994 3116 1192 3179 citato
1239 3136 1436 3201 opere
1483 3137 1673 3179 cruce
1726 3136 1805 3179 ac
1857 3115 2050 3180 fouea
2106 3122 2523 3200 praeparata,

377 3203 442 3266 in
490 3225 618 3289 qua
663 3207 859 3270 statui
923 3202 1214 3287 deberet,
1276 3206 1415 3290 ipse
1474 3201 1600 3268 fide
1658 3203 1917 3269 feruens
1962 3204 2126 3268 hanc
2172 3204 2527 3290 arripuerit

377 3314 454 3355 ac
505 3293 731 3358 foueae
793 3295 1148 3379 inposuerit
1207 3301 1405 3377 atque
1451 3302 1725 3379 utraque
1770 3315 1968 3358 manu
2013 3300 2297 3357 erectam
2347 3301 2526 3357 tene-

376 3390 504 3463 ret,
567 3380 767 3448 donec
814 3382 1084 3468 adgesto
1129 3404 1170 3447 a
1213 3381 1524 3446 militibus
1586 3383 1853 3467 puluere
1910 3391 2123 3447 terrae
2181 3380 2521 3468 figeretur,

377 3477 443 3533 et
488 3470 610 3535 hoc
659 3473 860 3555 facto,
923 3471 1093 3535 elata
1137 3473 1203 3535 in
1251 3471 1454 3535 altum
1499 3492 1659 3536 uoce
1719 3481 1948 3536 cuncto
2010 3472 2322 3536 exercitui
2368 3493 2521 3557 pro-

377 3557 780 3624 clamauerit:
850 3559 1240 3624 ‘Flectamus
1301 3582 1523 3624 omnes
1571 3580 1782 3643 genua
1830 3570 1895 3625 et
1941 3559 2266 3624 dominum
2315 3561 2522 3624 omni·

374 3655 705 3732 potentem
751 3651 975 3713 uiuum
1019 3672 1097 3714 ac
1142 3671 1369 3713 uerum
1414 3651 1483 3713 in
1528 3671 1867 3714 commune
1927 3650 2379 3736 deprecemur,
2443 3659 2522 3713 ut

373 3757 489 3799 nos
521 3736 602 3800 ab
633 3735 818 3802 hoste
851 3738 1127 3823 superbo
1173 3761 1250 3802 ac
1295 3737 1513 3804 feroce
1559 3759 1673 3802 sua
1721 3739 2131 3804 miseratione
2176 3735 2515 3802 defendat:

373 3825 496 3888 scit
532 3827 702 3888 enim
755 3826 915 3912 ipse,
965 3829 1115 3913 quia
1159 3829 1328 3892 iusta
1372 3849 1488 3914 pro
1536 3828 1741 3892 salute
1786 3829 1997 3912 gentis
2042 3836 2299 3892 nostrae
2344 3826 2521 3891 bella
