2723 4326
451 192 536 257 82
2380 190 2450 243 H.
2494 191 2595 245 10.
2698 122 2700 257 ἒ

454 376 690 433 cuncta
735 366 870 431 solo
917 367 1116 432 uerbo
1162 368 1633 455 praeceptionis
1682 389 1834 433 suae
1880 367 2166 432 condidit
2207 377 2272 432 et
2318 370 2592 449 creauit,

453 458 698 522 caelum
746 455 1046 521 uidelicet
1094 466 1158 521 et
1203 466 1472 541 terram,
1532 479 1712 522 mare
1760 465 1824 521 et
1870 457 2113 541 omnia,
2173 478 2337 543 quae
2383 458 2451 521 in
2498 460 2593 521 eis

453 554 633 630 sunt,
696 545 1022 632 dispositis
1082 546 1438 631 ordinibus,
1502 546 1733 632 quibus
1794 545 2201 631 subsisteret,
2264 549 2594 611 coaeterni

451 635 638 700 uerbi
701 636 799 699 sui
858 635 1118 699 consilio
1183 645 1248 700 et
1308 637 1513 700 sancti
1572 636 1833 721 spiritus
1890 636 2133 700 unitate
2194 634 2590 720 dispensam,

451 724 781 789 hominem
837 722 919 789 ad
975 724 1326 807 imaginem
1388 733 1453 789 et
1512 722 1994 789 similitudinem
2056 745 2233 789 suam
2296 746 2378 788 ex
2435 724 2593 789 limo

453 823 665 879 terrae
723 814 1107 899 plasmatum
1165 813 1497 877 constituit
1544 814 1729 899 eique
1776 821 2023 877 tantam
2074 814 2348 900 praemii
2400 836 2593 899 prae—

451 904 816 988 rogatiuam
879 901 1170 986 indulsit,
1235 910 1308 966 ut
1376 925 1524 967 eum
1589 903 1832 966 cunctis
1900 910 2327 989 praeponeret
2390 911 2593 989 atque

455 1002 716 1057 seruato
787 991 1061 1056 termino
1128 992 1639 1077 praeceptionis,
1718 992 2111 1055 aeternitatis
2176 990 2595 1057 subsistentia

455 1082 956 1168 praemuniret„
1011 1078 1207 1144 Hunc
1255 1102 1411 1165 ergo
1464 1078 1657 1144 deum
1700 1089 1951 1165 patrem
1998 1090 2063 1145 et
2108 1079 2309 1145 filium
2357 1089 2419 1144 et
2468 1084 2596 1167 spi-

461 1172 657 1235 ritum
705 1179 1012 1251 sanctum,
1063 1167 1235 1254 quod
1281 1179 1381 1234 est
1424 1166 1754 1233 indiuidua
1797 1170 2070 1255 trinitas,
2119 1168 2200 1233 ab
2250 1177 2393 1234 ortu
2440 1170 2595 1235 solis

463 1282 666 1345 usque
712 1257 795 1323 ad
842 1280 1157 1343 occasum,
1205 1256 1552 1322 humanum
1596 1280 1817 1344 genus,
1865 1260 2102 1346 quippe
2134 1268 2205 1324 ut
2237 1267 2596 1324 creatorem

464 1348 749 1413 omnium
795 1356 986 1433 atque
1033 1346 1344 1412 factorem
1391 1370 1593 1431 suum,
1644 1347 1975 1413 salutifera
2020 1348 2415 1413 confessione
2463 1346 2595 1413 fide

462 1445 806 1501 ueneratur
839 1447 903 1500 et
936 1434 1114 1500 colit:
1163 1436 1267 1500 cui
1297 1438 1493 1502 etiam
1537 1438 1935 1501 summitates
1963 1438 2216 1523 imperii
2246 1458 2597 1522 rerumque

462 1534 819 1612 potestates
865 1525 1219 1590 submissae
1266 1536 1433 1610 sunt,
1482 1527 1630 1611 quia
1671 1526 1805 1590 eius
1852 1526 2263 1612 dispositione
2308 1528 2596 1591 omnium

462 1614 776 1701 praelatio
809 1636 1156 1699 regnorum
1191 1614 1577 1680 conceditur.
1634 1614 1793 1679 Eius
1826 1638 1981 1699 ergo
2012 1616 2315 1680 bonitatis
2345 1615 2595 1680 miseri-

460 1704 681 1769 cordia
726 1704 922 1767 totius
971 1713 1302 1768 creaturae
1348 1726 1499 1768 suae
1545 1702 1853 1768 dilatandi
1898 1702 2085 1769 subdi
2130 1706 2325 1769 etiam
2368 1705 2435 1767 in
2482 1728 2592 1769 ex-

465 1794 792 1857 tremitate
839 1802 1049 1857 terrae
1094 1794 1449 1879 positarum
1495 1794 1784 1876 gentium
1832 1790 2024 1858 corda
2071 1793 2333 1877 frigida,
2382 1796 2594 1858 sancti

465 1884 722 1969 spiritus
775 1881 1029 1947 feruore
1073 1884 1142 1946 in
1197 1884 1293 1946 sui
1348 1904 1607 1968 quoque
1666 1883 1994 1966 agnitione
2051 1882 2433 1947 mirabiliter
2486 1892 2593 1947 est

455 1970 720 2055 dignata
765 1968 1170 2036 succendere.

632 2058 816 2137 Quae
884 2061 1060 2125 enim
1116 2061 1182 2125 in
1247 2059 1511 2145 gloriosi
1564 2059 1677 2124 filii
1730 2060 1931 2125 nostri
1982 2058 2351 2125 Audubaldi
2409 2061 2591 2145 regis

459 2148 889 2236 gentibusque
937 2150 997 2214 ei
1042 2149 1389 2236 subpositis
1434 2148 1888 2234 illustratione,
1952 2150 2288 2215 clementia
2340 2147 2592 2215 redem—

456 2241 616 2303 toris
663 2239 858 2304 fuerit
904 2247 1187 2324 operata,
1233 2239 1485 2326 plenius
1518 2261 1601 2304 ex
1629 2239 1959 2304 uicinitate
1989 2241 2273 2304 locorum
2301 2247 2591 2304 uestram

457 2328 729 2413 gloriam
778 2328 1123 2392 conicimus
1171 2329 1569 2411 cognouisse.
1633 2326 1791 2391 Eius
1822 2350 1979 2412 ergo
2025 2328 2317 2393 mirabile
2350 2325 2593 2392 donum

457 2426 523 2482 et
553 2419 620 2482 in
649 2417 838 2481 uobis
885 2425 1062 2482 certa
1094 2439 1227 2503 spe,
1278 2417 1538 2481 caelesti
1580 2417 2070 2502 longanimitate
2117 2417 2394 2482 conferri
2442 2440 2593 2482 con-

456 2504 728 2570 fidimus.
793 2503 956 2570 Cum
989 2507 1279 2592 profecto
1310 2505 1657 2591 gloriosam
1700 2508 2039 2591 coniugem
2070 2515 2371 2588 uestram,
2421 2530 2592 2593 quae

460 2596 661 2660 uestri
708 2596 990 2680 corporis
1019 2617 1170 2682 pars
1203 2616 1344 2660 esse
1392 2592 1805 2679 dignoscitur,
1854 2597 2252 2660 aeternitatis
2296 2599 2592 2681 praemio

457 2706 572 2770 per
629 2685 794 2748 sacri
847 2683 1254 2769 baptismatis
1309 2683 1862 2768 regenerationem
1914 2685 2335 2750 illuminatam
2392 2707 2595 2769 agno-

456 2774 684 2837 uimus».
764 2769 952 2836 Vnde
1015 2774 1338 2858 praesenti
1400 2773 1545 2838 stilo
1610 2773 1923 2859 gloriosos
1980 2795 2097 2836 uos
2156 2771 2591 2838 adhortandos

459 2884 604 2926 cum
651 2862 822 2924 omni
869 2859 1101 2925 affectu
1144 2863 1411 2926 intimae
1468 2864 1753 2927 caritatis
1810 2863 2201 2945 curauimus3
2270 2871 2591 2949 quatenus

457 2950 840 3015 abominatis
886 2947 1073 3015 idolis
1120 2973 1469 3036 eorumque
1518 2951 1690 3015 cultu
1744 2952 2106 3037 spretisque
2152 2951 2447 3015 fanorum
2496 2951 2594 3016 fa-

457 3038 794 3104 tuitatibus
827 3048 891 3103 et
920 3039 1330 3124 auguriorum
1381 3038 1881 3126 deceptabilibus
1927 3039 2400 3121 blandimentiS,
2451 3063 2591 3105 cre-

461 3128 629 3193 datis
659 3127 722 3192 in
755 3126 947 3192 deum
976 3137 1228 3213 patrem
1277 3131 1778 3216 omnipotentem
1825 3128 2087 3215 eiusque
2132 3127 2335 3192 filium
2366 3127 2594 3193 Iesum

455 3217 785 3284 Christum
831 3224 896 3282 et
942 3219 1236 3303 spiritum
1282 3227 1591 3302 sanctum,
1639 3227 1711 3283 ut
1756 3219 2112 3300 credentes,
2162 3239 2203 3282 a
2233 3217 2593 3284 diabolicae

459 3307 848 3393 captiuitatis
912 3307 1210 3390 nexibus,
1282 3315 1541 3372 sanctae
1588 3315 1653 3372 et
1697 3306 2067 3372 indiuiduae
2126 3307 2433 3371 trinitatis
2484 3330 2592 3371 co-

460 3404 766 3482 operante
834 3397 1124 3481 potentia
1198 3394 1473 3461 absoluti
1532 3406 1835 3461 aeternae
1896 3398 2070 3460 uitae
2124 3396 2378 3482 possitis
2448 3418 2596 3461 esse

457 3486 824 3572 participes.

635 3572 891 3652 Quanta
935 3580 1150 3638 autem
1209 3571 1607 3638 reatitudinis
1665 3574 1851 3659 culpa
1894 3582 2236 3638 teneantur
2293 3573 2594 3638 obstricti

459 3661 555 3744 hi,
628 3664 736 3747 qui
780 3662 1219 3727 idolatriarum
1264 3663 1870 3749 perniciosissimam
1917 3663 2436 3749 superstitionem
2488 3686 2594 3728 co-

460 3749 662 3834 lentes
707 3750 1204 3837 amplectuntur,
1268 3771 1518 3836 eorum,
1582 3774 1741 3837 quos
1789 3752 2033 3834 colunt,
2100 3751 2399 3837 exempla
2444 3775 2595 3840 per-

463 3837 721 3903 ditionis
779 3840 1128 3925 insinuant3
1199 3839 1365 3906 unde
1428 3840 1509 3906 de
1562 3843 1654 3906 eis
1716 3863 1831 3928 per
1888 3840 2287 3928 psalmistam
2352 3841 2597 3906 dicitur
