2723 4326
167 236 265 290 ΠΙ.
303 236 461 293 8-9.
2175 234 2302 302 117

166 414 458 499 uirtutis,
524 415 735 499 magis
793 423 941 501 post
997 423 1271 479 mortem
1333 415 1583 480 claruit.
1677 413 1842 479 Cum
1901 415 2072 479 enim
2133 422 2306 481 esset

166 503 529 587 abbatissa,
590 504 801 589 coepit
860 503 1076 568 facere
1121 504 1188 568 in
1232 506 1620 570 monasterio
1681 526 1796 569 suo
1855 502 2190 568 ecclesiam
2235 506 2306 569 in

164 592 481 657 honorem
539 593 822 657 omnium
886 592 1345 678 apostolorum,
1407 595 1473 657 in
1520 615 1646 680 qua
1692 614 1878 657 suum
1931 614 2162 679 corpus
2211 616 2306 657 se·-

164 681 383 768 pelliri
436 680 757 767 cupiebat.
850 678 981 747 Sed
1028 704 1175 745 cum
1220 703 1380 768 opus
1427 682 1600 747 idem
1643 680 1726 747 ad
1769 679 2056 747 medium
2099 682 2306 747 ferme

166 777 340 835 esset
384 768 788 859 perductum,
838 770 949 835 illa
992 792 1074 835 ne
1118 769 1241 835 hoc
1286 770 1648 857 perficeret,
1703 780 1912 835 morte
1957 781 2308 858 praerepta

165 868 268 925 est
316 868 383 924 et
426 861 495 924 in
538 860 679 945 ipso
739 858 1048 924 ecclesiae
1105 858 1275 943 loco,
1339 860 1453 925 ubi
1515 856 1952 942 desiderabat,
2026 859 2302 925 condita.

162 947 328 1012 Post
372 950 551 1013 cuius
598 957 876 1013 mortem
914 947 1221 1013 fratribus
1253 948 1382 1014 alia
1413 951 1621 1035 magis
1667 950 2062 1032 curantibus,
2105 950 2300 1015 inter-

162 1039 435 1102 missum
480 1045 577 1101 est
622 1035 745 1102 hoc
806 1034 1168 1103 aedificium
1226 1039 1408 1102 annis
1455 1035 1619 1123 VII,
1681 1038 1912 1123 quibus
1972 1038 2306 1125 completis

162 1134 531 1191 statuerunt
578 1127 661 1191 ob
706 1127 1109 1191 nimietatem
1154 1125 1394 1191 laboris
1440 1127 1630 1192 huius
1681 1136 2073 1193 structuram
2105 1128 2300 1193 eccle-

162 1216 299 1281 siae
346 1212 632 1279 funditus
676 1215 1069 1301 relinquere,
1120 1237 1265 1279 ossa
1308 1238 1468 1281 uero
1517 1216 1884 1282 abbatissae
1911 1217 2020 1281 illo
2052 1214 2304 1281 deloco

163 1305 423 1370 eleuata
465 1304 533 1368 in
576 1305 771 1369 aliam
817 1304 1191 1387 ecclesiam,
1241 1326 1408 1391 quae
1455 1314 1627 1371 esset
1673 1306 1962 1391 perfecta
2008 1327 2085 1370 ac
2129 1303 2306 1371 ‹ledi-

162 1402 343 1479 cata,
390 1394 759 1458 transferre.
854 1392 943 1457 Et
987 1396 1353 1479 aperientes
1401 1394 1812 1481 sepulchrum
1861 1396 2025 1479 eius,
2071 1396 2166 1459 ita
2210 1396 2305 1459 in-

159 1492 552 1549 temeratum
614 1504 848 1569 corpus
907 1484 1239 1567 inuenere,
1299 1492 1374 1547 ut
1436 1506 1476 1549 a
1537 1485 1946 1571 corruptione
2007 1486 2304 1570 concupi-

160 1574 451 1637 scentiae
512 1571 785 1636 carnalis
828 1580 969 1636 erat
1013 1573 1302 1655 inmune3
1367 1580 1430 1637 et
1475 1574 1570 1637 ita
1615 1570 1821 1637 denuo
1866 1574 2066 1637 lotum
2112 1582 2307 1659 atque

160 1662 307 1726 aliis
326 1660 615 1725 uestibus
650 1659 946 1725 indutum
978 1660 1445 1725 transtulerunt
1475 1660 1630 1726 illud
1662 1662 1728 1726 in
1759 1662 2100 1727 ecclesiam
2128 1661 2306 1726 beati

161 1748 483 1837 Stephani
548 1750 881 1835 martyris3
955 1750 1135 1814 cuius
1196 1748 1500 1814 uidelicet
1562 1750 1792 1816 natalis
1857 1751 1948 1816 ibi
2009 1750 2172 1817 solet
2235 1752 2306 1815 in

162 1861 411 1925 magna
456 1837 665 1924 gloria
708 1838 1021 1904 celebrari
1066 1835 1170 1903 die
1215 1836 1552 1903 Nonarum
1598 1838 1931 1905 Iuliarum.

1203 2124 1263 2188 9.

160 2299 241 2356 vt
266 2299 337 2354 in
372 2298 537 2368 loco,
579 2298 645 2353 ln
683 2313 802 2368 quo
841 2298 1087 2354 occisus
1126 2297 1225 2354 est
1261 2313 1378 2354 rex
1403 2296 1656 2366 osuald,
1698 2300 1922 2354 crebra
1958 2298 2299 2356 sanitatum

159 2387 470 2444 miracula
506 2387 706 2456 facta3
746 2387 937 2457 utque
964 2387 1057 2443 ibi
1094 2388 1295 2456 primo
1333 2387 1672 2443 iumentum
1710 2387 2026 2443 cuiusdam
2063 2388 2302 2445 alantis

554 2491 627 2532 ac
663 2477 884 2532 deinde
920 2475 1135 2546 puella
1171 2476 1259 2532 sit
1296 2476 1636 2546 paralitica
1676 2477 1918 2533 curata.

338 2639 665 2724 Regnauit
710 2649 927 2704 autem
961 2637 1210 2705 Osuald
1242 2636 1826 2704 Christianissimus
1856 2661 1976 2704 rex
2004 2636 2297 2702 Nordan-

153 2726 579 2816 hymbrorum
624 2726 833 2793 VIIII
878 2730 1087 2813 annis,
1157 2726 1574 2793 adnumerato
1641 2730 1838 2794 etiam
1901 2727 2038 2810 illo,
2106 2749 2298 2814 quem

156 2828 222 2884 et
270 2817 489 2882 feralis
536 2819 835 2904 impietas
891 2819 1065 2902 regis
1112 2815 1500 2882 Brettonum
1546 2826 1612 2882 et
1655 2819 1981 2904 apostasia
2034 2816 2300 2881 demens

154 2928 391 2992 regum
424 2903 784 2991 Anglorum
818 2904 1261 2972 detestabilem
1293 2906 1557 2972 fecerat.
1616 2904 1970 2992 Siquidem,
2001 2915 2074 2971 ut
2106 2928 2302 2994 supra

154 2995 522 3078 docuimus,
588 2997 889 3060 unanimo
950 2996 1235 3060 omnium
1298 3017 1611 3060 consensu
1657 2995 1985 3060 firmatum
2032 3005 2157 3078 est,
2227 3006 2302 3061 ut

154 3107 392 3150 nomen
439 3093 505 3148 et
548 3085 857 3148 memoria
903 3092 1341 3170 apostatarum
1385 3083 1464 3149 de
1513 3085 1808 3170 catalogo
1854 3105 2086 3169 regum
2117 3082 2302 3149 Chri-

154 3175 513 3239 stianorum
564 3195 825 3260 prorsus
879 3172 1124 3238 aboleri
1192 3171 1461 3238 deberet
1522 3194 1732 3258 neque
1801 3173 2030 3260 aliquis
2092 3194 2297 3258 regno

155 3285 381 3328 eorum
426 3283 631 3327 annus
677 3260 989 3330 adnotari.
1063 3260 1208 3341 Quo
1258 3262 1576 3348 completo
1623 3283 1936 3326 annorum
1980 3261 2297 3325 curriculo

156 3353 406 3416 occisus
474 3359 571 3416 est
638 3353 979 3415 commisso
1045 3352 1231 3434 graui
1292 3351 1538 3437 praelio
1607 3351 1689 3415 ab
1754 3349 1980 3415 eadem
2039 3371 2300 3436 pagana

155 3450 351 3526 gente
396 3461 780 3527 paganoque
824 3460 982 3524 rege
1012 3438 1425 3524 Marciorum,
1474 3461 1514 3502 a
1553 3461 1678 3526 quo
1727 3448 1792 3503 et
1838 3437 2298 3525 praedecessor

156 3533 294 3596 eius
335 3527 617 3593 Aeduini
662 3537 991 3615 peremtus
1038 3528 1275 3613 fuerat,
1324 3529 1393 3592 in
1437 3528 1597 3611 loce,
1645 3529 1756 3614 qui
1801 3527 2023 3611 lingua
2052 3526 2297 3613 Anglo-

154 3640 301 3683 rum
332 3625 737 3704 nuncupatur
765 3615 1163 3701 Maserfelth,
1214 3635 1380 3681 anno
1420 3618 1654 3682 aetatis
1685 3638 1839 3682 suae
1871 3615 2296 3702 XXXVIII„

156 3706 261 3773 die
309 3710 533 3794 quinto
578 3708 817 3771 mensis
862 3706 1167 3792 Augusti.

335 3796 536 3864 Cuius
606 3804 847 3881 quanta
909 3797 1009 3861 uis
1078 3796 1145 3858 in
1213 3793 1433 3879 deum,
1505 3816 1670 3880 quae
1735 3793 1994 3860 deuotio
2061 3797 2299 3862 mentis
2355 3799 2360 3802 ’

154 3887 377 3972 fuerit,
450 3887 648 3951 etiam
713 3893 859 3972 post
926 3892 1205 3948 mortem
1272 3885 1585 3950 uirtutum
1652 3885 1980 3950 miraculis
2046 3887 2296 3951 claruit.
