2723 4326
432 217 563 280 144
2351 218 2444 270 m.
2482 218 2567 271 24.

432 390 724 479 Cumque
772 416 889 457 rex
934 392 1216 480 perfidus
1262 392 1613 459 nullatinus
1668 394 1968 481 precibus
2012 395 2184 459 illius
2239 417 2570 460 assensum

434 482 807 568 praeberet,
874 486 985 569 qui
1048 493 1253 549 totam
1319 485 1455 547 eius
1524 493 1788 569 gentem
1851 506 1892 548 a
1947 504 2150 569 paruo
2217 506 2424 570 usque
2487 484 2570 549 ad

433 592 744 657 magnum
792 570 1006 637 delere
1064 582 1257 659 atquc
1316 572 1752 637 exterminare
1809 570 2215 655 decreuerat,
2286 575 2571 660 respexit

433 660 541 726 ille
589 660 671 725 ad
716 660 973 728 diuinae
1019 662 1327 725 auxilium
1387 662 1676 747 pietatis,
1742 683 1869 747 quo
1915 662 1998 726 ab
2044 663 2386 747 impietate
2431 663 2572 729 bar·

430 751 651 815 barica
718 760 937 836 posset
1002 752 1192 837 eripi3
1261 759 1540 836 notoque
1587 773 1658 814 se
1703 750 2022 835 obligans:
2097 749 2192 817 ‘Si
2255 757 2570 838 paganus’

428 840 640 925 inquit
686 837 912 904 ‘nescit
958 841 1253 926 accipere
1298 850 1520 904 nostra
1565 836 1858 921 donaria,
1919 839 2266 906 offeramus
2312 843 2405 925 ei,
2469 843 2572 927 qui

430 929 637 1011 nouit,
702 925 961 992 domino
1006 928 1128 993 deo
1174 928 1438 992 nostro.'
1529 927 1729 992 Vouit
1773 950 1958 1013 ergo,
2021 930 2200 1014 quia,
2263 932 2320 993 si
2365 931 2572 995 uictor

432 1018 760 1096 existeret,
805 1015 1005 1081 filiam
1051 1040 1231 1081 suam
1277 1017 1536 1081 domino
1582 1039 1766 1081 sacra
1811 1019 2185 1103 uirginitate
2231 1017 2573 1084 dicandam

431 1107 692 1170 offerret
760 1105 951 1171 simul
1018 1116 1084 1171 et
1130 1105 1273 1172 XII
1318 1107 1752 1192 possessiones
1815 1107 2223 1193 praediorum
2289 1106 2374 1171 ad
2432 1131 2574 1173 con-

430 1193 736 1259 struenda
782 1197 1174 1261 monasteria
1219 1194 1515 1259 donaret:
1567 1205 1630 1259 et
1663 1196 1754 1259 sic
1785 1217 1932 1259 cum
1969 1196 2360 1281 paucissimo
2396 1219 2575 1262 exer·

432 1286 565 1349 citu
628 1305 698 1348 se
763 1285 1100 1349 certamini
1164 1282 1359 1348 dedit.
1453 1282 1754 1369 Denique
1816 1284 2052 1369 fertur,
2133 1286 2284 1370 quia
2353 1288 2574 1351 tricies

432 1374 744 1437 maiorem
818 1375 1057 1459 pagani
1142 1371 1481 1437 habuerint
1571 1373 1958 1454 exercitum3
2053 1373 2374 1459 siquidem
2453 1376 2576 1461 ipsi

431 1460 642 1526 XXX
703 1460 991 1547 legiones
1054 1461 1323 1526 ducibus
1385 1460 1797 1527 nobilissimis
1857 1464 2203 1527 instructas
2269 1465 2340 1527 in
2407 1464 2576 1529 bello

432 1549 744 1635 habuere,
808 1551 1038 1637 quibus
1086 1548 1295 1616 Osuiu
1337 1573 1459 1615 rex
1505 1572 1651 1615 cum
1696 1548 2033 1615 Alchfrido
2079 1549 2241 1634 filio,
2303 1574 2576 1639 perpar-

430 1662 613 1723 uum,
671 1652 741 1704 ut
788 1640 949 1724 dixi,
1012 1639 1252 1704 habens
1298 1640 1678 1723 exercitum,
1741 1639 1855 1705 sed
1903 1638 2160 1705 Christo
2207 1639 2371 1705 duce
2425 1664 2573 1706 con-

428 1728 604 1811 fisus,
654 1731 947 1794 occurrit.
1014 1726 1187 1793 Nam
1232 1728 1395 1793 alius
1440 1727 1610 1792 filius
1658 1729 1793 1792 eius
1834 1727 2106 1813 Ecgfrid
2153 1751 2230 1794 eo
2275 1738 2576 1818 tempore

430 1819 498 1881 in
565 1820 899 1903 prouincia
966 1816 1359 1883 Merciorum
1435 1815 1606 1904 apud
1671 1818 1966 1902 reginam
2035 1815 2322 1902 Cynuise
2388 1820 2576 1884 obses

432 1905 797 1990 tenebatur3
856 1906 1022 1972 filius
1082 1916 1303 1973 autem
1352 1903 1624 1972 Osualdi
1681 1908 1855 1991 regis
1902 1905 2260 1989 Oidiluald,
2322 1910 2436 1994 qui
2483 1911 2578 1973 eis

431 1994 669 2059 auxilio
716 2019 856 2061 esse
902 1995 1239 2079 debuerat,
1303 1996 1372 2060 in
1417 2004 1603 2081 parte
1659 2005 1798 2060 erat
1867 1994 2386 2060 aduersariorum
2454 2000 2576 2062 eis-

432 2082 709 2171 demque
778 2095 1003 2149 contra
1072 2088 1350 2172 patriam
1420 2095 1484 2149 et
1552 2093 1852 2171 patruum
1923 2106 2107 2149 suum
2182 2088 2573 2174 pugnaturis

432 2173 661 2239 ductor
720 2177 1083 2258 exstiterat,
1146 2175 1440 2261 quamuis
1485 2176 1625 2261 ipso
1685 2183 1976 2260 tempore
2034 2175 2371 2261 pugnandi
2431 2198 2573 2241 sese

430 2285 689 2351 pugnae
756 2264 1167 2329 subtraxerat
1225 2273 1655 2349 euentumque
1697 2263 2086 2329 discriminis
2132 2273 2271 2328 tuto
2317 2267 2386 2329 in
2431 2266 2574 2331 loco

432 2353 866 2440 exspectabat.
959 2351 1130 2417 Inito
1192 2373 1349 2434 ergo
1409 2353 1760 2417 certamine
1818 2352 2027 2437 fugati
2089 2362 2238 2418 sunt
2285 2362 2353 2418 et
2399 2358 2574 2420 caesi

432 2442 697 2529 pagani3
769 2441 963 2506 duces
1033 2443 1199 2527 regii
1245 2439 1486 2525 XXX,
1557 2443 1666 2527 qui
1722 2441 1806 2506 ad
1852 2441 2165 2506 auxilium
2227 2454 2572 2527 uenerant,

430 2553 595 2618 pene
642 2553 861 2596 omnes
905 2531 1251 2596 interfecti:
1324 2531 1392 2594 in
1439 2529 1670 2616 quibus
1716 2528 2067 2614 Aedilheri,
2115 2531 2318 2596 frater
2377 2532 2577 2598 Anna

433 2622 605 2704 regis
656 2617 1085 2685 Orientalium
1147 2619 1510 2702 Anglorum
1525 2669 1543 2702 ,
1623 2621 1732 2704 qui
1808 2629 1955 2706 post
2019 2640 2168 2685 eum
2244 2624 2572 2706 regnauit,

431 2719 655 2774 auctor
713 2711 851 2796 ipse
909 2708 1091 2793 belli,
1157 2707 1422 2794 perditis
1484 2707 1792 2773 militibus
1857 2710 1994 2773 siue
2053 2710 2308 2773 auxiliis
2370 2712 2572 2775 inter-

433 2806 665 2864 emtus.
755 2799 837 2861 Et
894 2799 1043 2884 quia
1099 2819 1301 2883 prope
1360 2795 1629 2860 fluuium
1675 2796 1972 2862 Vinuaed
2028 2807 2387 2885 pugnatum
2453 2808 2573 2874 est,

434 2887 542 2971 qui
601 2895 755 2950 tunc
814 2908 969 2972 prae
1028 2886 1404 2950 inundantia
1464 2886 1828 2973 pluuiarum
1886 2885 2017 2951 late
2076 2886 2337 2951 alueum
2383 2910 2575 2952 suum

431 2977 629 3039 immo
700 2997 919 3039 omnes
979 2976 1153 3061 ripas
1212 2997 1361 3040 suas
1426 2976 1796 3058 transierat,
1864 2976 2164 3060 contigit,
2231 2984 2304 3039 ut
2368 2978 2574 3043 multo

431 3064 649 3151 plures
694 3086 864 3151 aqua
908 3065 1231 3149 fugientes
1278 3085 1474 3150 quam
1519 3063 1832 3128 bellantes
1877 3063 2177 3150 perderet
2223 3067 2418 3131 ensis.

613 3152 801 3218 Tunc
846 3175 963 3217 rex
1010 3151 1243 3236 osuiu,
1305 3155 1490 3217 iuxta
1547 3151 1717 3239 quod
1775 3151 2028 3218 domino
2092 3164 2391 3236 uouerat,
2455 3177 2574 3241 pro

431 3242 687 3308 conlata
745 3243 868 3306 sibi
925 3243 1197 3306 uictoria
1255 3242 1498 3326 gratias
1559 3242 1679 3306 deo
1760 3241 2051 3306 referens
2129 3240 2308 3307 dedit
2368 3241 2574 3308 filiam

432 3353 614 3396 suam
659 3328 1070 3415 Aelffledam,
1133 3352 1298 3416 quae
1356 3329 1624 3394 uixdum
1684 3331 1871 3394 unius
1929 3332 2079 3396 anni
2138 3340 2429 3396 aetatem
2478 3335 2577 3398 in·

430 3421 752 3506 pleuerat,
811 3429 1127 3506 perpetua
1174 3421 1233 3484 ei
1284 3421 1660 3504 uirginitate
1719 3417 2250 3485 consecrandam:
2314 3419 2573 3486 donatis

429 3513 691 3596 insuper
736 3507 878 3573 XII
935 3509 1459 3595 possessiunculis
1518 3518 1865 3590 terrarum,
1929 3511 1997 3574 in
2057 3508 2290 3596 quibus
2349 3511 2572 3576 ablato

432 3597 643 3662 studio
690 3599 959 3663 militiae
1005 3597 1357 3682 terrestris,
1419 3595 1502 3661 ad
1549 3597 1977 3662 exercendam
2023 3598 2324 3663 militiam
2373 3600 2575 3666 caele-

432 3695 618 3769 stem,
667 3686 1283 3774 supplicandumque
1326 3709 1444 3773 pro
1492 3709 1652 3772 pace
1701 3689 1914 3771 gentis
1939 3689 2078 3752 eius
2123 3697 2412 3772 aeterna,
2465 3687 2572 3754 de-

430 3776 677 3838 uotioni
722 3775 981 3840 sedulae
1027 3775 1485 3839 monachorum
1515 3777 1692 3841 locus
1723 3775 2125 3863 facultasque
2173 3788 2571 3864 suppeteret.

432 3862 492 3926 E
539 3862 768 3947 quibus
832 3863 1129 3928 uidelicet
1198 3865 1727 3949 possessiunculis
1783 3887 1900 3929 sex
1941 3867 2009 3930 in
2056 3867 2394 3953 prouincia
2441 3869 2571 3933 De·
