2723 4326
130 212 201 263 v.
245 212 332 265 21.
2154 209 2281 274 277

131 411 269 474 que
330 398 397 453 et
454 389 725 472 triginta
793 388 951 453 duos
1018 388 1339 452 uoluerint
1405 410 1634 471 annos3
1708 386 1939 473 quibus
2011 387 2282 474 expletis

132 479 376 561 omnia,
426 500 593 563 quae
623 476 705 541 ad
737 478 887 542 solis
919 485 985 541 et
1027 477 1236 561 lunae,
1286 478 1526 541 mensis
1574 486 1640 541 et
1686 476 2086 562 septimanae
2132 498 2280 541 con-

132 568 547 653 sequentiam
594 575 906 652 spectant,
958 563 1202 647 eodem,
1251 587 1378 651 quo
1408 568 1607 651 prius,
1657 564 1878 629 ordine
1914 573 2277 631 recurrunt.

132 656 300 721 Ideo
346 666 562 720 autem
608 655 878 719 circulos
925 654 1185 719 eosdem
1242 665 1608 741 temporum
1663 654 2040 719 instantium
2094 655 2280 718 uobis

131 748 400 810 mittere
459 744 961 831 supersedimus,
1023 746 1174 829 quia
1220 743 1302 808 de
1348 745 1598 808 ratione
1657 752 1910 807 tantum
1968 743 2281 829 temporis

133 833 464 921 paschalis
510 835 739 898 instrui
786 842 1191 918 quaerentes,
1239 833 1414 919 ipsos
1452 833 1637 897 uobis
1683 832 1957 897 circulos
2001 831 2280 919 paschae

137 922 494 987 catholicos
540 920 868 987 abundare
915 922 1252 1008 probastis,

324 1010 593 1075 ‘Verum
624 1009 721 1075 his
754 1010 834 1076 de
878 1010 1118 1097 pascha
1163 1012 1505 1094 succincte,
1553 1018 1626 1074 ut
1664 1011 1936 1096 petistis,
1977 1011 2278 1075 strictim-

137 1121 271 1186 que
304 1102 840 1177 commemoratis‚
872 1113 1201 1164 tonsuram
1234 1121 1509 1185 quoque,
1549 1099 1630 1164 de
1663 1121 1790 1185 qua
1821 1101 2065 1186 pariter
2096 1100 2281 1164 uobis

134 1190 393 1253 litteras
438 1186 581 1253 fieri
624 1188 948 1271 uoluistis,
1003 1187 1251 1271 hortor,
1317 1198 1390 1252 ut
1437 1188 1939 1253 ecclesiasticam
1987 1197 2051 1252 et
2098 1186 2280 1252 Chri-

138 1280 395 1343 stianae
439 1275 591 1341 fidei
640 1299 992 1362 congruam
1024 1277 1261 1343 habere
1294 1279 1553 1344 curetis,
1611 1276 1699 1342 Et
1731 1276 1992 1363 quidem
2023 1278 2280 1359 scimuS,

140 1370 297 1453 quia
342 1388 553 1451 neque
598 1368 872 1453 apostoli
918 1389 1139 1431 omnes
1183 1388 1309 1431 uno
1358 1366 1715 1453 eodemque
1761 1376 1908 1432 sunt
1952 1365 2142 1431 modo
2187 1374 2279 1429 at-

140 1456 336 1541 tonsi,
383 1476 596 1540 neque
641 1477 811 1520 nunc
858 1456 1131 1521 ecclesia
1176 1456 1527 1538 catholica,
1593 1459 1760 1521 sicut
1803 1478 1932 1520 una
1975 1454 2119 1537 fide,
2168 1476 2282 1540 spe

140 1554 208 1609 et
257 1546 529 1609 caritate
574 1545 641 1608 in
686 1542 879 1609 deum
926 1546 1263 1628 consentit,
1290 1547 1384 1609 ita
1431 1546 1625 1609 etiam
1674 1566 1799 1608 una
1846 1555 2041 1631 atque
2087 1543 2282 1609 indis-

140 1634 340 1699 simili
400 1642 608 1697 totum
673 1656 791 1719 per
862 1634 1083 1699 orbem
1137 1643 1441 1697 tonsurae
1507 1634 1632 1699 sibi
1689 1633 1898 1698 forma
1961 1633 2282 1717 congruit.

142 1724 446 1807 Denique
466 1772 484 1805 ,
548 1731 621 1785 ut
667 1726 1025 1809 superiora,
1081 1723 1148 1787 id
1215 1732 1313 1787 est
1378 1722 1917 1808 patriarcharum,
1988 1730 2283 1807 tempora

142 1813 585 1898 respiciamus,
632 1809 752 1876 Iob
787 1812 1116 1898 exemplar
1162 1812 1528 1898 patientiae,
1578 1810 1731 1875 dum
1778 1812 2121 1894 ingruente
2165 1811 2278 1872 tri-

143 1901 548 1965 bulationum
580 1901 851 1966 articulo
883 1910 1078 1987 caput
1108 1899 1383 1966 totondit
1415 1898 1554 1985 (Iob
1583 1902 1640 1984 1,
1664 1898 1800 1985 20),
1831 1900 2129 1987 probauit
2160 1900 2282 1963 uti-

148 2012 293 2076 que,
344 1991 494 2075 quia
540 1999 832 2076 tempore
877 1989 1203 2054 felicitatis
1244 1990 1508 2075 capillos
1548 1991 1795 2053 nutrire
1840 1996 2282 2053 consueuerat.

144 2082 239 2143 At
270 2077 507 2166 Ioseph
538 2087 605 2143 et
635 2080 774 2166 ipse
806 2080 1140 2165 castitatis,
1173 2078 1573 2163 humilitatis,
1606 2079 1864 2166 pietatis
1898 2087 2286 2143 ceterarum-

146 2191 274 2255 que
319 2170 633 2232 uirtutum
680 2179 985 2234 executor
1031 2191 1108 2233 ac
1139 2169 1365 2234 doctor
1397 2169 1666 2234 eximius
1700 2191 1846 2232 cum
1877 2170 2142 2234 seruitio
2175 2167 2284 2232 ab·

144 2256 491 2322 soluendus
537 2267 824 2323 attonsus
874 2280 1013 2323 esse
1041 2258 1277 2343 legitur
1308 2256 1558 2344 (Genea
1595 2259 1702 2340 41,
1739 2258 1881 2340 14):
1929 2265 2111 2344 patet
2141 2279 2285 2343 pro-

144 2347 338 2430 fecto,
386 2348 539 2433 quia
583 2356 875 2434 tempore
921 2349 1246 2412 seruitutis
1293 2348 1563 2412 intonsis
1594 2349 1662 2411 in
1693 2369 1952 2412 carcere
2000 2346 2284 2412 crinibus

146 2457 411 2501 manere
458 2435 723 2504 solebat.
786 2436 959 2502 Ecce
1004 2445 1279 2522 uterque
1324 2438 1428 2501 uir
1472 2436 1576 2501 dei
1607 2435 1933 2501 diuersum
1968 2436 2047 2499 ab
2081 2436 2284 2500 altero

146 2525 362 2588 uultus
394 2524 689 2589 habitum
725 2524 882 2589 foris
927 2526 1508 2612 praemonstrabat,
1557 2548 1829 2612 quorum
1865 2535 2085 2589 tamen
2114 2525 2286 2589 intus

146 2615 535 2678 conscientia
578 2615 647 2679 in
692 2614 880 2700 parili
922 2616 1237 2679 uirtutum
1284 2615 1408 2680 sibi
1454 2617 1668 2699 gratia
1715 2613 2164 2680 concordabat.

328 2701 617 2786 ‘Verum,
652 2705 775 2767 etsi
804 2702 1097 2789 profiteri
1128 2704 1311 2769 nobis
1341 2705 1617 2769 liberum
1650 2713 1767 2788 est,
1803 2704 1955 2788 quia
1984 2712 2286 2767 tonsurae

146 2791 490 2856 discrimen
518 2812 650 2856 non
694 2801 942 2874 noceat,
990 2794 1221 2879 quibus
1252 2816 1416 2880 pura
1445 2795 1513 2856 in
1543 2793 1733 2858 deum
1764 2790 1924 2857 fides
1957 2802 2022 2856 et
2051 2791 2286 2856 caritas

146 2882 213 2945 in
246 2882 610 2965 proximum
642 2882 893 2946 sincera
924 2892 1050 2966 est3
1098 2885 1380 2948 maxime
1414 2903 1560 2947 cum
1597 2903 1950 2967 numquam
1994 2880 2286 2966 patribus

148 2966 477 3034 catholicis
509 2971 675 3034 sicut
699 2968 779 3034 de
803 2969 1081 3056 paschae
1100 2970 1205 3036 uel
1222 2970 1374 3036 fidei
1403 2971 1778 3036 diuersitate
1810 2970 2159 3053 conflictus,
2193 2971 2285 3034 ita

147 3057 343 3122 etiam
364 3057 443 3123 de
463 3067 765 3124 tonsurae
794 3058 1159 3125 differentia
1175 3059 1434 3145 legatur
1457 3060 1672 3146 aliqua
1689 3059 1885 3124 fuisse
1918 3069 2284 3124 controuer-

149 3148 269 3230 sia3
301 3149 468 3212 inter
500 3169 720 3212 omnes
752 3157 989 3232 tamen,
1025 3171 1183 3234 quas
1214 3151 1320 3215 uel
1350 3151 1418 3213 in
1449 3149 1719 3214 ecclesia
1748 3149 1852 3213 uel
1883 3149 1947 3212 in
1978 3149 2280 3213 uniuerso

148 3235 480 3301 hominum
510 3258 748 3321 genere
778 3240 1134 3328 reperimus
1166 3247 1483 3319 tonsuras,
1508 3238 1750 3302 nullam
1773 3239 1981 3321 magis
2015 3257 2283 3322 sequen·

148 3324 296 3390 dam
341 3326 527 3390 nobis
572 3326 1212 3412 amplectendamque
1258 3329 1400 3391 iure
1445 3327 1720 3392 dixerim
1787 3348 1892 3409 ea,
1965 3347 2162 3410 quam
2217 3326 2284 3387 in

149 3417 360 3501 capite
428 3437 542 3479 suo
612 3415 914 3499 gestabat
979 3415 1118 3492 ille,
1190 3417 1295 3480 cui
1350 3437 1421 3480 se
1475 3414 1805 3480 confitenti
1851 3413 2145 3479 dominus
2193 3414 2284 3476 ait

150 3501 266 3588 (eu.
293 3502 519 3567 Matth.
553 3505 654 3587 16,
685 3505 787 3568 18.
814 3505 952 3587 19):
994 3503 1139 3590 „Tu
1164 3527 1232 3569 es
1252 3504 1505 3589 Petrus,
1535 3512 1600 3569 et
1626 3525 1820 3590 super
1844 3501 2009 3568 hanc
2028 3512 2283 3589 petram

150 3592 499 3657 aedificabo
530 3592 868 3656 ecclesiam
897 3616 1126 3675 meam,
1176 3601 1242 3658 et
1286 3603 1512 3679 portae
1557 3592 1793 3656 inferni
1839 3614 1967 3656 non
2012 3613 2281 3678 praeua-

148 3680 368 3746 lebunt
414 3679 724 3746 aduersus
760 3703 929 3764 eam3
961 3691 1045 3746 et
1076 3682 1196 3746 tibi
1226 3678 1394 3746 dabo
1428 3682 1640 3746 claues
1670 3682 1857 3765 regni
1888 3676 2283 3750 caelorum“.

150 3767 409 3836 Nullam
432 3771 643 3854 magis
662 3770 1158 3836 abominandam
1176 3768 1748 3855 detestandamque
1770 3771 2000 3836 merito
2034 3769 2282 3834 cunctis

150 3859 440 3926 fidelibus
487 3858 867 3924 crediderim
917 3881 1025 3944 ea,
1076 3881 1268 3945 quam
1314 3859 1598 3926 habebat
1642 3859 1748 3924 ille
1769 3909 1786 3941 ,
1851 3860 1956 3924 cui
2002 3860 2282 3944 gratiam
