2723 4326
155 219 195 271 1.
231 219 317 272 21.
1380 197 1384 201 ’
2221 221 2303 285 31

154 395 561 462 Germanum
625 397 847 460 uenire·
892 398 1108 460 inuitis
1155 397 1718 460 uaticinationibus
1763 396 2176 481 nuntiabant3
2240 399 2307 462 in

156 495 432 569 tantum,
497 493 571 547 ut
624 482 869 549 Elafius
917 484 1176 573 quidam
1239 485 1524 570 regionis
1571 485 1737 550 illius
1782 487 2055 572 primus,
2116 496 2188 550 ut
2239 487 2307 550 in

159 595 432 640 occursu
493 581 862 638 sanctorum
934 575 1068 639 sine
1133 575 1262 639 ulla
1320 574 1647 639 manifesti
1713 576 1922 639 nuntii
1986 575 2303 640 relatione

157 671 577 751 properaret,
629 663 938 728 exhibens
1001 685 1219 728 secum
1264 661 1467 727 filium
1482 714 1499 746 ,
1563 685 1756 749 quem
1817 665 1884 728 in
1944 665 2083 750 ipso
2147 663 2303 729 flore

157 751 640 816 adulescentiae
695 749 989 817 debilitas
1043 750 1317 817 dolenda
1372 751 1813 818 damnauerat.
1906 752 2069 817 Erat
2132 755 2304 817 enim

164 839 608 906 arescentibus
654 843 869 905 neruis
917 850 1247 905 contracto
1293 840 1569 927 poplite,
1629 843 1731 904 cui
1776 863 1894 926 per
1942 842 2298 906 siccitatem

160 932 366 994 cruris
413 951 566 993 usus
610 931 873 1016 uestigii
917 930 1298 1016 negabatur.
1390 928 1585 995 Hunc
1632 929 1912 994 Elafium
1967 932 2302 1017 prouincia

163 1028 300 1083 tota
345 1018 786 1103 subsequitur:
835 1021 1103 1084 ueniunt
1151 1017 1538 1101 sacerdotes,
1586 1021 1863 1083 occurrit
1907 1021 2109 1084 inscia
2140 1020 2303 1084 mul-

159 1105 400 1192 titudo,
461 1106 801 1173 confestim
857 1107 1222 1174 benedictio
1280 1116 1346 1173 et
1408 1110 1716 1172 sermonis
1764 1106 1964 1172 diuini
2011 1107 2304 1176 doctrina

159 1194 593 1284 profunditur.
655 1196 1151 1282 Recognoscunt
1189 1195 1497 1284 populum
1528 1198 1593 1260 in
1626 1219 1723 1280 ea,
1773 1220 1901 1285 qua
1932 1197 2301 1283 reliquerat,

161 1285 549 1351 credulitate
595 1284 962 1352 durantem:
1011 1285 1399 1370 intellegunt
1437 1286 1692 1374 culpam
1740 1309 1883 1351 esse
1928 1308 2301 1372 paucorum,

163 1377 497 1461 inquirunt
542 1384 838 1440 auctores
884 1378 1310 1462 inuentosque
1357 1374 1801 1440 condemnant.
1871 1373 2043 1441 Tum
2091 1375 2304 1441 subito

157 1462 409 1529 Elafius
474 1462 748 1549 pedibus
817 1464 1178 1531 aduoluitur
1243 1463 1674 1549 sacerdotum,
1735 1465 2011 1529 offerens
2076 1465 2301 1550 filium,

165 1557 347 1618 cuius
393 1555 850 1618 necessitatem
895 1556 1038 1640 ipsa
1077 1553 1374 1619 debilitas
1423 1555 1617 1619 etiam
1664 1555 1802 1618 sine
1849 1554 2149 1640 precibus
2198 1552 2304 1618 ad-

157 1643 455 1728 legabat:
503 1641 578 1706 fit
624 1645 979 1707 communis
1027 1645 1312 1708 omnium
1360 1639 1557 1727 dolor,
1652 1645 1956 1729 raecipue
2004 1643 2305 1708 sacerdo-

163 1742 327 1815 tum,
373 1732 485 1817 qui
517 1741 897 1817 conceptam
927 1731 1436 1797 misericordiam
1467 1731 1550 1796 ad
1625 1733 1866 1796 iuinam
1897 1732 2305 1797 clementiam

163 1820 608 1886 contulerunt:
682 1823 1029 1907 statimque
1099 1821 1574 1886 adulescentem
1640 1819 1868 1885 beatus
1938 1819 2305 1886 Germanus

167 1909 393 1974 sedere
441 1909 780 1996 compulit,
848 1909 1168 1975 adtrectat
1231 1909 1540 1997 poplitem
1587 1906 1918 1974 debilitate
1965 1919 2306 1976 curuatum

161 2008 232 2064 et
254 2021 375 2084 per
405 2006 544 2062 tota
575 1997 969 2063 infirmitatis
1002 2000 1213 2085 spatia
1241 1997 1641 2063 medicabilis
1665 1996 1933 2062 dextera
1962 2000 2303 2085 percurrit,

167 2086 622 2175 salubremque
665 2097 910 2153 tactum
958 2091 1197 2154 sanitas
1240 2086 1475 2154 festina
1506 2086 1935 2176 subsequitur.
2014 2087 2304 2152 Ariditas

171 2199 415 2262 sucum,
462 2177 649 2241 nerui
695 2178 908 2242 officia
953 2186 1358 2264 receperunt,
1408 2188 1474 2243 et
1519 2180 1585 2241 in
1630 2186 1978 2263 conspectu
2018 2180 2303 2241 omnium

165 2264 302 2331 filio
345 2267 776 2349 incolumitas,
823 2270 995 2353 patri
1040 2265 1206 2331 filius
1252 2268 1631 2332 restituitur.
1694 2264 2053 2352 Implentur
2082 2265 2303 2353 populi

169 2365 432 2442 stupore
477 2356 771 2419 miraculi
820 2365 884 2419 et
929 2358 997 2421 in
1041 2358 1411 2443 pectoribus
1460 2358 1741 2420 omnium
1787 2353 1946 2419 fides
1986 2355 2304 2420 catholica

164 2443 494 2509 inculcata
559 2442 870 2508 firmatur.
973 2444 1381 2509 Praedicatio
1446 2442 1678 2509 deinde
1748 2443 1831 2508 ad
1898 2444 2155 2530 plebem
2224 2444 2303 2509 de

165 2534 738 2619 praeuaricationis
787 2534 1234 2598 emendatione
1281 2536 1679 2609 conuertitur
1712 2534 2123 2619 omniumque
2164 2554 2302 2597 sen-

164 2623 374 2687 tentia
418 2624 757 2708 prauitatis
804 2631 1120 2707 auctores,
1171 2623 1280 2709 qui
1310 2632 1495 2687 erant
1526 2622 1778 2708 expulsi
1817 2623 2044 2706 insula,
2095 2644 2299 2687 sacer-

166 2708 428 2775 dotibus
469 2708 874 2777 adducuntur
913 2712 996 2777 ad
1025 2711 1499 2777 mediterranea
1528 2708 1876 2794 deferendi,
1924 2720 1996 2775 ut
2027 2720 2091 2775 et
2120 2712 2303 2797 regio

165 2799 574 2863 absolutione
635 2808 700 2865 et
757 2799 852 2864 illi
917 2799 1365 2867 emendatione
1426 2801 1812 2865 fruerentur.
1904 2800 2304 2887 Factumque

167 2897 290 2971 est,
338 2897 410 2952 ut
455 2890 524 2952 in
570 2888 693 2953 illis
737 2888 895 2953 locis
941 2890 1144 2954 multo
1179 2912 1260 2955 ex
1291 2912 1367 2955 eo
1398 2898 1691 2976 tempore
1732 2887 1891 2954 fides
1924 2891 2305 2956 intemerata

173 2974 576 3063 perduraret.
2018 3032 2023 3035 .

345 3065 601 3152 Itaque,
650 3068 1018 3153 compositis
1065 3067 1381 3151 omnibus,
1428 3067 1606 3132 beati
1635 3063 1999 3132 sacerdotes
2032 3089 2126 3151 ea,
2177 3089 2304 3153 qua

169 3165 512 3238 uenerant,
573 3158 1004 3242 prosperitate
1056 3156 1407 3223 redierunt.
1500 3156 1701 3220 Porro
1749 3153 2114 3221 Germanus
2160 3164 2305 3240 post

165 3242 332 3307 haec
376 3242 460 3309 ad
506 3243 886 3309 Rauennam
932 3267 1050 3331 pro
1096 3268 1256 3331 pace
1297 3244 1760 3310 Armoricanae
1807 3246 2019 3330 gentis
2066 3244 2303 3329 suppli-

165 3342 428 3397 caturus
490 3332 752 3397 aduenit
809 3333 1028 3420 ibique
1074 3357 1114 3400 a
1161 3334 1607 3399 Valentiniano
1657 3342 1722 3398 et
1768 3331 2056 3397 Placidia
2098 3341 2325 3398 matre

167 3443 190 3483 1
237 3422 371 3485 sius
418 3444 674 3487 summa
715 3424 1082 3487 reuerentia
1127 3432 1460 3510 susceptus
1501 3423 1809 3505 migrauit
1838 3419 1921 3487 ad
1953 3418 2302 3487 Christum.

167 3444 370 3575 gaius
429 3532 664 3597 corpus
730 3511 1082 3576 honorifico
1142 3514 1403 3597 agmine
1468 3511 1923 3577 comitantibus
1990 3510 2303 3575 uirtutum

191 3599 471 3685 ‘peribus
519 3622 701 3663 suam
749 3599 1040 3665 defertur
1086 3601 1168 3665 ad
1214 3602 1460 3666 urbem.
1553 3598 1696 3665 Nec
1743 3600 1945 3664 multo
1992 3610 2139 3687 post
2179 3597 2304 3665 Va-

169 3691 556 3753 icntinianus
601 3688 686 3753 ab
731 3687 914 3754 Aetii
958 3691 1245 3776 patricii,
1295 3712 1481 3776 quem
1532 3690 1870 3773 occiderat,
1920 3689 2303 3755 satellitibus

165 3779 557 3843 interimitur
603 3800 768 3843 anno
815 3780 1071 3865 imperii
1115 3778 1434 3844 Marciani
1480 3786 1692 3862 sexto,
1742 3801 1890 3844 cum
1938 3801 2063 3867 quo
2111 3778 2302 3843 simul

183 3865 565 3953 sfesperium
613 3866 887 3933 concidit
933 3889 1228 3953 regnum.
