2723 4326
153 229 276 282 1111.
317 230 477 284 6—7.
2162 231 2286 295 177

154 407 218 470 in
263 407 531 490 regione
579 403 999 492 Gyruiorum.
1061 405 1415 492 Depositus
1461 427 1617 470 uero
1646 404 1928 491 Vynfrid
1973 405 2164 470 rediit
2210 404 2292 470 ad

155 496 619 560 monasterium
683 516 897 578 suum,
969 493 1143 579 quod
1207 493 1442 558 dicitur
1500 493 1877 580 Adbaruae,
1948 493 2167 580 ibique
2224 497 2293 558 in

150 585 402 671 optima
445 585 648 647 uitam
696 583 1181 648 conuersatione
1227 581 1455 647 finiuit.

335 672 525 736 Tunc
570 673 767 736 etiam
811 669 1250 737 Orientalibus
1297 670 1683 756 Saxonibus,
1734 672 1966 758 quibus
2014 695 2089 736 eo
2134 680 2294 738 tem-

156 783 311 847 pore
356 761 779 848 praefuerunt
825 757 1026 826 Sebbi
1065 769 1130 826 et
1173 758 1457 845 Sigheri,
1505 782 1780 847 quorum
1826 783 2022 848 supra
2066 763 2289 827 memi-

156 851 400 933 nimus,
465 847 985 914 Earconualdum
1056 852 1388 914 constituit
1453 852 1829 937 episcopum
1897 853 1964 914 in
2030 852 2294 915 ciuitate

153 939 522 1004 Lundonia:
579 941 756 1003 cuius
803 937 1106 1004 uidelicet
1150 939 1275 1002 uiri
1319 940 1389 1002 in
1433 940 1807 1025 episcopatu
1853 948 1917 1004 et
1961 948 2113 1004 ante
2159 941 2291 1026 epi·

153 1037 490 1115 scopatum
553 1029 688 1091 uita
750 1035 814 1092 et
874 1028 1277 1093 conuersatio
1341 1029 1549 1092 fertur
1610 1029 1807 1093 fuisse
1870 1029 2293 1112 sanctissima,

155 1119 322 1190 sicut
369 1118 568 1182 etiam
612 1139 781 1181 nunc
829 1118 1197 1182 caelestium
1243 1118 1431 1201 signa
1477 1117 1786 1182 uirtutum
1829 1115 2066 1184 indicio
2126 1126 2292 1182 sunt.

155 1201 420 1271 Etenim
467 1227 670 1290 usque
714 1204 906 1270 hodie
964 1205 1277 1271 feretrum
1324 1207 1461 1271 eius
1518 1204 1963 1292 caballarium,
2026 1229 2151 1294 quo
2197 1208 2291 1272 in·

154 1294 379 1359 firmus
438 1294 590 1358 uehi
650 1293 926 1379 solebat,
989 1304 1314 1360 seruatum
1359 1317 1401 1360 a
1449 1293 1779 1381 discipulis
1834 1298 1997 1380 ciue,
2059 1296 2293 1361 multos

153 1383 602 1449 febricitantes
645 1383 750 1449 uel
804 1383 929 1448 alio
988 1383 1275 1470 quolibet
1336 1384 1742 1450 incommodo
1803 1385 2007 1450 fessos
2068 1407 2295 1450 sanare

158 1495 285 1537 non
340 1469 608 1537 desistit.
701 1471 854 1536 Non
899 1472 1100 1537 solum
1151 1481 1369 1538 autem
1423 1473 1739 1559 subpositi
1794 1472 1999 1540 eidem
2058 1474 2295 1540 feretro

157 1562 260 1626 uel
320 1559 598 1646 adpositi
645 1570 950 1625 curantur
995 1563 1275 1647 aegroti,
1337 1560 1449 1627 sed
1498 1571 1563 1626 et
1609 1563 1857 1628 astulae
1904 1563 1985 1628 de
2030 1563 2138 1628 illo
2186 1564 2295 1628 ab·

159 1653 399 1716 scissae
459 1658 654 1735 atque
701 1650 784 1716 ad
829 1650 1119 1715 infirmos
1179 1650 1433 1716 adlatae
1495 1652 1689 1715 citam
1749 1651 1874 1716 illis
1934 1651 2141 1716 solent
2188 1651 2295 1717 ad-

159 1740 332 1805 ferre
381 1736 744 1804 medellam.

335 1828 466 1893 Hic
497 1849 650 1892 sane
680 1829 1054 1915 priusquam
1101 1829 1439 1913 episcopus
1471 1827 1680 1892 factus
1713 1836 1902 1912 esset,
1953 1826 2077 1893 duo
2110 1851 2293 1914 prae-

158 1917 332 1981 clara
379 1919 797 2002 monasteria,
856 1939 1053 1982 unum
1101 1917 1251 2000 sibi,
1308 1915 1583 1981 alterum
1630 1919 1835 1981 sorori
1880 1939 2033 1982 suae
2078 1917 2295 1983 Aedil-

161 2006 408 2089 burgae
439 2013 904 2090 construxerat,
939 2005 1109 2093 quod
1131 2013 1476 2090 utrumque
1505 2004 1912 2090 regularibus
1945 2005 2295 2092 disciplinis

159 2096 406 2182 optime
461 2095 844 2159 instituerat.
939 2094 1081 2162 Sibi
1137 2092 1398 2183 quidem
1444 2095 1513 2158 in
1555 2096 1821 2180 regione
1869 2094 2295 2182 Sudergeona

162 2186 345 2249 iuxta
389 2184 657 2250 fluuium
689 2184 1078 2249 Tamensem
1124 2186 1188 2248 in
1234 2184 1396 2269 loco,
1445 2184 1555 2270 qui
1598 2194 1869 2250 uocatur
1902 2182 2292 2269 Cerotaesei,

162 2273 227 2338 id
272 2284 372 2339 est
411 2273 634 2340 Geroti
679 2275 914 2357 insula3
964 2274 1168 2339 sorori
1214 2282 1434 2338 autem
1479 2275 1547 2341 in
1595 2271 1913 2339 Orientali
1959 2272 2292 2341 Saxonum

161 2364 493 2447 prouincia
537 2364 604 2426 in
648 2362 810 2447 loco,
858 2364 970 2449 qui
1015 2371 1420 2449 nuncupatur
1448 2362 1529 2426 In
1559 2360 2013 2449 Berecingum,
2061 2365 2128 2428 in
2166 2386 2294 2450 quo

161 2452 301 2536 ipsa
331 2450 452 2516 deo
499 2450 878 2516 denotarum
923 2461 1130 2517 mater
1159 2474 1237 2516 ac
1266 2452 1487 2516 nutrix
1531 2460 1750 2537 posset
1798 2454 2075 2517 existere
2111 2452 2292 2532 femi-

161 2560 411 2605 narum.
505 2538 689 2618 Quae
736 2550 1033 2627 suscepto
1079 2542 1454 2607 monasterii
1496 2542 1839 2627 regimine,
1910 2539 2294 2625 condignam

163 2650 233 2693 se
276 2630 346 2693 in
393 2629 691 2694 omnibus
745 2631 1043 2716 episcopo
1100 2631 1327 2715 fratre,
1388 2639 1451 2693 et
1496 2630 1639 2716 ipsa
1682 2640 1858 2695 recte
1903 2631 2181 2695 uiuendo
2230 2640 2297 2697 et

163 2717 470 2783 subiectis
512 2717 900 2801 regulariter
931 2728 995 2783 et
1024 2719 1129 2805 pie
1175 2716 1562 2783 consulendo
1607 2720 1933 2805 praebuit3
1981 2728 2055 2783 ut
2101 2722 2296 2785 etiam

164 2807 468 2872 caelestia
510 2805 746 2871 indicio
791 2808 972 2872 fuere
1017 2807 1344 2873 miracula.

1200 3040 1261 3107 7.

167 3194 243 3251 Vt
280 3195 348 3249 in
385 3193 765 3250 monasterIo
805 3195 1230 3264 Bericinensi,
1284 3196 1393 3252 ubi
1432 3210 1697 3265 corpora
1734 3196 2299 3253 sanctimonialium

236 3283 607 3340 feminarum
645 3285 792 3353 poni
831 3285 1151 3353 deberent,
1192 3285 1453 3341 caelesti
1492 3285 1579 3342 sit
1616 3285 1755 3341 luce
1792 3286 2226 3342 monstratum.

345 3426 426 3491 In
455 3428 577 3493 hoc
616 3430 854 3493 etenim
900 3430 1284 3495 monasterio
1331 3429 1518 3516 plura
1561 3432 1874 3493 uirtutum
1921 3438 2069 3493 sunt
2114 3429 2303 3513 signa

166 3525 442 3603 patrata,
492 3539 656 3603 quae
704 3526 767 3581 et
798 3517 879 3587 ad
923 3520 1301 3584 memoriam
1345 3516 1988 3603 aedificationemque
2033 3540 2301 3603 sequen-

166 3606 329 3670 tium
376 3606 459 3670 ab
505 3606 623 3689 his,
675 3608 782 3692 qui
830 3629 1096 3692 nouere,
1153 3605 1480 3695 descripta
1524 3606 1842 3672 habentur
1887 3628 1928 3670 a
1972 3607 2217 3672 multis:
2268 3630 2303 3672 e

14 3718 52 3767 ‚·
169 3696 402 3779 quibus
451 3704 516 3759 et
560 3718 675 3759 nos
731 3696 946 3780 aliqua
1005 3695 1310 3761 historiae
1368 3704 1626 3761 nostrae
1687 3696 2160 3761 ecclesiasticae
2206 3697 2300 3761 in-

169 3805 384 3849 serere
447 3785 828 3849 curauimus.
923 3782 1088 3848 Cum
1154 3794 1506 3871 tempestas
1573 3808 1765 3872 saepe
1828 3783 2039 3850 dictae
2104 3784 2303 3850 cladis

167 3872 299 3937 late
346 3882 579 3937 cuncta
624 3871 1048 3959 depopulans,
1112 3875 1310 3941 etiam
1367 3884 1637 3961 partem<
1682 3875 2055 3941 monasterii
2115 3874 2305 3939 huius

327 3994 508 4035 Baedae
534 3996 642 4037 hist.
671 3996 783 4037 eccl.
1917 3982 1983 4037 12
