2723 4326
1157 192 1209 228 X

465 220 592 282 228
2335 218 2405 270 V.
2459 219 2490 271 1
2506 247 2565 253 —
2579 219 2630 271 2.

462 396 647 460 nobis
693 396 759 457 in
805 395 987 459 nobis
1034 403 1279 458 restare
1326 394 1564 458 salutis.
1660 394 1792 459 Vbi
1837 405 2051 459 autem
2094 395 2354 478 longius
2388 397 2626 458 uisum

463 484 851 565 leuauimus,
914 482 1191 558 uidimus
1252 484 1319 547 in
1380 486 1521 569 ipsa
1578 485 1786 548 insula
1849 484 2061 549 Farne
2123 506 2476 569 egressum
2543 485 2625 547 de

463 572 741 638 latibulis
790 574 919 636 suis
967 573 1476 637 amantissimum
1520 571 1638 637 deo
1692 582 1944 659 patrem
1991 570 2443 637 Oidilualdum
2495 574 2623 636 iter
2696 618 2697 657 ἒ

460 671 747 726 nostrum
804 664 1138 748 inspicere.
1232 660 1472 725 Audito
1545 665 1779 725 etenim
1842 662 2100 745 fragore
2165 662 2620 748 procellarum

460 773 535 815 ac
581 752 892 815 feruentis
926 748 1171 815 Oceani
1221 752 1470 815 exierat
1516 748 1758 833 uidere,
1809 750 1963 836 quid
2007 751 2191 814 nobis
2240 751 2616 814 accideret:

459 862 733 926 cumque
798 862 912 903 nos
958 842 1026 903 in
1070 840 1293 904 labore
1339 862 1416 903 ac
1485 838 1932 926 desperatione
1977 840 2218 925 positos
2279 850 2616 920 cerneret,
2696 874 2697 899 ÷

456 927 761 993 flectebat
807 950 1015 1013 genua
1062 952 1175 993 sua
1223 926 1304 992 ad
1350 937 1602 1015 patrem
1651 928 1890 994 domini
1935 930 2138 993 nostri
2167 927 2318 992 Iesu
2354 927 2617 993 Christi

457 1039 574 1104 pro
622 1027 841 1083 nostra
887 1020 1022 1081 uita
1070 1028 1134 1082 et
1182 1018 1386 1083 salute
1432 1028 1830 1104 precaturus,
1923 1016 2011 1081 Et
2057 1040 2203 1081 cum
2234 1020 2616 1082 orationem

460 1107 826 1192 compleret,
877 1106 1068 1171 simul
1113 1107 1360 1172 tumida
1407 1128 1687 1193 aequora
1733 1107 2052 1192 placauit,
2101 1106 2264 1171 adeo
2311 1116 2410 1190 ut,
2471 1130 2612 1172 ces-

458 1206 640 1261 sante
688 1218 805 1281 per
852 1196 1067 1259 omnia
1112 1198 1384 1260 saeuitia
1427 1198 1864 1283 tempestatis,
1925 1196 2186 1260 secundi
2247 1218 2371 1259 nos
2421 1199 2612 1260 uenti
2696 1208 2697 1285 }

455 1284 538 1348 ad
602 1295 843 1349 terram
903 1306 1102 1369 usque
1166 1306 1282 1370 per
1353 1284 1546 1371 plana
1606 1287 1801 1349 maris
1860 1294 2049 1370 terga
2108 1286 2608 1349 comitarentur.
2696 1300 2697 1329 ³

456 1371 745 1457 Cumque
792 1363 1138 1438 euadentes
1184 1372 1268 1438 ad
1313 1382 1575 1459 terram,
1623 1374 1984 1438 nauiculam
2018 1395 2272 1458 quoque
2302 1384 2610 1437 nostram

455 1462 537 1526 ab
584 1463 769 1526 undis
818 1472 1324 1546 exportaremus,
1373 1485 1529 1527 mox
1575 1462 1827 1546 eadem,
1891 1484 2056 1548 quae
2115 1465 2319 1526 nostri
2383 1465 2608 1546 gratia

454 1549 777 1615 modicum
823 1550 1104 1634 siluerat,
1152 1561 1504 1637 tempestas
1552 1552 1741 1616 rediit
1774 1560 1838 1615 et
1871 1559 2004 1615 toto
2036 1551 2144 1615 illo
2175 1548 2281 1616 die
2313 1552 2606 1615 multum

454 1640 669 1705 furere
714 1662 843 1705 non
890 1641 1195 1723 cessauit3
1243 1651 1315 1704 ut
1358 1641 1574 1727 palam
1621 1638 1884 1705 daretur
1926 1639 2234 1723 intellegi,
2272 1642 2430 1726 quia
2466 1664 2602 1705 mo-

452 1728 595 1794 dica
642 1728 784 1813 illa,
843 1752 1009 1817 quae
1072 1741 1477 1815 prouenerat,
1540 1730 1951 1815 intercapedo
2018 1730 2252 1815 quietis
2312 1729 2401 1793 ad
2479 1732 2603 1793 uiri

454 1816 557 1881 dei
602 1841 827 1904 preces
871 1828 1126 1882 nostrae
1175 1820 1490 1883 euasionis
1540 1821 1748 1903 gratia
1795 1819 2062 1882 caelitus
2109 1816 2348 1881 donata
2397 1821 2549 1883 est'.

629 1905 871 1970 Mansit
934 1916 1153 1972 autem
1216 1905 1387 1971 idem
1442 1909 1542 1971 uir
1607 1905 1714 1972 dei
1775 1908 1842 1971 in
1908 1906 2116 1969 insula
2169 1905 2390 1971 Farne
2454 1906 2602 1971 XII

450 1996 635 2059 annis
681 1994 1049 2082 ibidemque
1095 1995 1470 2081 defunctus;
1534 1996 1647 2061 sed
1711 1998 1777 2059 in
1823 1996 2032 2060 insula
2077 1993 2599 2061 Lindisfarnensi

449 2086 631 2148 iuxta
676 2086 1114 2172 praefatorum
1164 2108 1436 2172 corpora
1483 2086 1928 2173 episcoporum
1987 2088 2053 2148 in
2101 2084 2370 2149 ecclesia
2419 2084 2600 2149 beati

448 2177 723 2261 apostoli
768 2175 950 2240 Petri
998 2176 1283 2262 sepultus
1344 2186 1460 2241 est.
1569 2173 1774 2240 Gesta
1821 2197 1973 2238 uero
2023 2183 2170 2238 sunt
2215 2173 2379 2238 haec
2428 2184 2594 2240 tem·

446 2265 712 2351 poribus
760 2263 1041 2348 Aldfridi
1088 2266 1283 2348 regis,
1334 2266 1444 2349 qui
1490 2274 1636 2350 post
1683 2265 1951 2328 fratrem
1983 2285 2168 2326 suum
2198 2261 2594 2346 Ecgfridum

448 2356 633 2437 genti
664 2352 1354 2439 Nordanhymbrorum
1403 2352 1626 2418 decem
1675 2362 1740 2418 et
1785 2375 2018 2416 nouem
2063 2353 2248 2416 annis
2280 2352 2593 2438 praefuit.

1485 2588 1543 2648 2.

514 2743 592 2798 vt
629 2742 954 2811 episcopus
993 2743 1297 2798 Iohannes
1335 2745 1569 2798 mutum
1607 2744 1672 2798 et
1711 2742 2052 2799 scabiosum
2089 2742 2516 2798 benedIcemlo

1343 2833 1687 2888 curauerit.

622 2970 817 3038 Cuius
848 2978 1036 3059 regni
1069 2978 1386 3064 principio
1419 2975 1720 3041 defuncto
1739 2976 1908 3040 Eata
1931 2975 2233 3060 episcopo
2258 2974 2580 3040 Iohannes

440 3065 539 3127 uir
582 3073 841 3129 sanctus
872 3064 1414 3150 Hagustaldensis
1447 3066 1752 3130 ecclesiae
1783 3063 2220 3150 praesulatum
2267 3067 2578 3150 suscepit:

440 3151 519 3218 de
546 3175 672 3239 quo
705 3153 889 3240 plura
920 3157 1233 3218 uirtutum
1265 3155 1594 3238 miracula,
1630 3155 1739 3240 qui
1773 3176 1916 3218 eum
1947 3152 2354 3217 familiariter
2385 3176 2579 3217 noue-

436 3251 608 3327 runt,
651 3242 867 3308 dicere
900 3243 1124 3328 solent,
1160 3253 1225 3309 et
1258 3245 1536 3308 maxime
1567 3246 1667 3308 uir
1697 3241 2251 3307 reuerentissimus
2285 3263 2364 3306 ac
2397 3265 2576 3306 uera-

438 3332 732 3396 cissimus
778 3331 1111 3397 Berethun
1168 3332 1474 3398 diaconus
1533 3331 1853 3419 quondam
1913 3331 2074 3414 eius,
2135 3352 2310 3394 nunc
2359 3341 2573 3395 autem

436 3420 636 3485 abbas
666 3423 1056 3505 monasterii,
1106 3421 1277 3507 quod
1311 3431 1579 3486 uocatur
1608 3417 2029 3502 Inderauuda,
2079 3417 2146 3480 id
2177 3427 2278 3482 est
2301 3417 2384 3483 In
2417 3420 2573 3484 silua

436 3509 792 3575 Derorum:
845 3533 879 3574 e
927 3510 1157 3596 quibus
1204 3513 1424 3598 aliqua
1446 3513 1816 3576 'memoriae
1862 3507 2116 3573 tradere
2161 3507 2570 3573 commodum

437 3597 752 3663 duximus.
816 3599 937 3664 Est
982 3601 1231 3665 mansio
1280 3599 1598 3686 quaedam
1645 3600 1970 3680 secretior,
2015 3618 2282 3660 nemore
2328 3620 2478 3663 raro
2512 3607 2586 3662 et-

435 3686 602 3750 uallo
652 3688 1079 3768 circumdata,
1142 3712 1269 3753 non
1336 3689 1532 3775 longe
1590 3690 1672 3753 ab
1720 3682 2229 3772 Hagustaldensi
2277 3686 2564 3769 ecclesia,

438 3771 503 3835 id
551 3785 649 3838 est
694 3778 879 3840 unius
926 3777 1134 3843 ferme
1178 3779 1442 3843 miliarii
1489 3788 1552 3844 et
1599 3775 1847 3842 dimidii
1901 3775 2108 3861 spatio
2154 3773 2564 3840 interfluente

437 3860 602 3924 Tino
650 3885 835 3928 amne
882 3876 1197 3952 separata,
1231 3867 1476 3932 habens
1514 3866 1970 3932 coemeterium
2003 3863 2208 3926 sancti
2231 3861 2562 3929 Michaelis
