2723 4326
383 201 514 266 224
2127 196 2253 249 1111.
2290 195 2525 252 30-31.

385 378 755 443 indumenta
814 378 996 462 quasi
1048 377 1252 462 patris
1312 373 1523 440 adhuc
1580 375 1837 462 corpori
1898 371 2297 440 circumdata
2354 375 2526 438 miro

388 465 879 532 deosculabatur
925 465 1161 530 affectu
1176 513 1194 548 ,
1268 463 1354 529 ‘N
1357 469 1503 528 oua’
1562 465 1768 550 inquit
1823 461 2227 528 ‘indumenta
2268 466 2529 550 corpori

386 578 502 642 pro
547 555 667 638 his,
716 575 882 641 quae
927 554 1185 639 tulistis,
1234 553 1653 637 circumdate,
1702 562 1767 620 et
1807 554 1899 618 sic
1928 554 2221 639 reponite
2250 553 2316 616 in
2350 573 2525 637 arca,

388 666 581 731 quam
621 644 915 730 parastis.
1008 640 1174 709 Scio,
1204 652 1421 707 autem
1469 643 1844 727 certissime,
1894 643 2045 728 quia
2088 663 2217 706 non
2264 641 2372 707 diu
2418 663 2529 706 ua-

389 755 543 798 cuus
587 731 948 797 remanebit
990 732 1168 798 locus
1228 732 1337 798 ille
1355 779 1373 810 ‚
1446 733 1556 817 qui
1622 740 1806 797 tanta
1869 732 2164 795 miraculi
2232 731 2527 796 caelestis

390 823 601 907 gratia
647 829 937 886 sacratus
982 830 1108 905 est3
1159 829 1223 886 et
1269 843 1465 907 quam
1510 819 1739 886 beatus
1784 829 1905 898 est,
1952 821 2057 884 cui
2098 821 2168 884 in
2214 842 2290 884 00
2332 820 2529 885 facul-

389 919 592 977 tatem
639 909 1010 995 quiescendi
1055 911 1348 975 dominus
1394 910 1589 973 totius
1620 909 2037 974 beatitudinis
2069 918 2295 974 auctor
2332 917 2531 995 atque

389 1000 662 1086 largitor
707 1007 1039 1086 praestare
1084 997 1499 1083 dignabitur!
1583 997 1769 1064 Haec
1816 1007 1883 1063 et
1928 997 2294 1064 huiusmodi
2340 998 2527 1084 plura

390 1089 504 1154 ubi
549 1088 766 1153 multis
815 1110 961 1152 cum
1005 1089 1287 1154 lacrimis
1333 1095 1399 1152 et
1444 1107 1683 1171 magna
1727 1089 2218 1173 compunctione
2257 1088 2531 1152 antistes

389 1178 612 1262 lingua
660 1179 855 1242 etiam
899 1186 1219 1241 tremente
1267 1175 1637 1262 compleuit,
1671 1175 1969 1242 fecerunt
2000 1175 2253 1260 fratres,
2301 1184 2372 1240 ut
2402 1177 2531 1240 ius·

393 1276 582 1351 serat,
633 1275 700 1331 et
744 1266 1099 1331 inuolutum
1145 1287 1313 1330 nouo
1360 1265 1603 1329 amictu
1649 1288 1879 1351 corpus
1910 1286 2202 1348 nouaque
2232 1267 2298 1331 10
2337 1265 2537 1330 111003

392 1353 794 1420 reconditum
841 1376 1036 1441 supra
1078 1355 1523 1441 pauimentum
1568 1355 1917 1420 sanctuarii
1948 1361 2316 1441 posuerunt.
2387 1353 2533 1419 Nec

392 1467 596 1530 mora,
643 1444 764 1510 deo
809 1443 1080 1509 dilectus
1111 1444 1382 1508 antistes
1405 1441 1734 1508 Eadberct
1778 1443 2005 1508 morbo
2050 1453 2385 1530 correptus
2432 1452 2533 1507 est

395 1534 649 1617 acerb0,
697 1555 774 1598 ac
822 1555 940 1619 per
998 1531 1135 1598 dies
1200 1542 1531 1598 crescente
1582 1523 1984 1614 multuinque
2042 1534 2535 1616 ingrauescente

397 1621 626 1689 ardore
668 1622 1017 1707 languoris,
1088 1643 1217 1687 non
1285 1621 1490 1686 multo
1543 1630 1688 1708 post
1705 1669 1723 1704 ,
1786 1621 1852 1685 id
1900 1630 1997 1686 est
2056 1621 2264 1708 pridie
2309 1617 2533 1686 Nonas

394 1710 633 1795 Maias,
695 1712 889 1776 etiam
943 1713 1083 1797 ipse
1143 1711 1455 1796 migrauit
1513 1708 1595 1774 ad
1641 1709 2008 1776 dominum:
2074 1711 2252 1775 cuius
2300 1731 2534 1796 corpus

395 1802 464 1866 in
511 1799 845 1887 sepulchro
894 1798 1216 1865 benedicti
1246 1801 1449 1888 patris
1484 1796 1837 1865 Cudbercti
1880 1807 2195 1886 ponentes
2226 1797 2535 1885 adposue-

396 1899 544 1953 runt
598 1888 878 1976 desuper
935 1911 1182 1972 arcam,
1253 1892 1320 1953 in
1379 1911 1507 1974 (1113
1563 1889 1936 1976 incorrupta
1998 1886 2285 1953 eiusdem
2329 1890 2535 1976 patris

396 1979 690 2043 membra
732 1978 1122 2044 locauerant.
1216 1976 1296 2041 In
1341 1999 1469 2063 (1110
1516 1979 1709 2042 011310
1756 1979 1897 2042 1000
1952 1979 2139 2063 signa
2185 1979 2536 2042 sanitatum

401 2067 742 2153 aliquoties
787 2067 960 2132 facta
1004 2067 1254 2132 meritis
1309 2067 1648 2132 amborum
1708 2069 2147 2132 testimonium
2202 2067 2415 2130 ferunt
2432 2117 2450 2150 ,
2501 2087 2537 2130 0

397 2158 631 2239 quibus
676 2157 890 2243 aliqua
935 2157 1002 2223 in
1045 2157 1212 2221 libro
1257 2157 1432 2221 uitae
1478 2155 1647 2221 illius
1693 2155 1848 2221 olim
1892 2158 2241 2222 memoriae
2272 2156 2537 2221 manda-

397 2248 626 2311 uimus.
719 2245 853 2314 Sed
897 2256 962 2310 et
1007 2248 1074 2311 in
1119 2244 1240 2309 hac
1285 2245 1557 2311 historia
1598 2245 1937 2330 quaedam,
1986 2266 2153 2333 quae
2182 2268 2299 2311 nos
2329 2267 2537 2333 nuper

398 2335 652 2401 audisse
699 2336 992 2419 contigit,
1042 2333 1534 2421 superadiecere
1580 2334 1988 2401 commodum
2034 2334 2351 2401 duximus.

1319 2568 1399 2630 31
1454 2562 1608 2653 [29].

564 2722 643 2780 Vt
681 2723 931 2791 quidam
967 2724 1044 2778 ad
1081 2722 1353 2779 tumbam
1394 2723 1530 2779 eius
1570 2724 1657 2779 sit
1693 2738 1729 2778 a
1767 2722 2045 2793 paralysi
2083 2722 2362 2778 sanatus·

573 2865 736 2930 Erat
803 2868 870 2931 in
937 2865 1165 2932 eodem
1229 2867 1621 2932 monasterio
1690 2868 1889 2931 frater
1953 2867 2214 2953 quidam
2272 2868 2530 2933 nomine

397 2951 781 3041 Badudegn‚
829 2965 1118 3042 tempore
1163 2977 1290 3021 non
1337 2978 1544 3042 pauco
1576 2956 1899 3043 hospitum
1930 2957 2285 3021 ministerio
2319 2954 2532 3022 deser·

396 3044 606 3126 01003,
675 3046 784 3130 (1111
837 3066 1006 3109 nunc
1066 3066 1269 3131 usque
1315 3047 1628 3131 superest,
1672 3046 2112 3109 testimonium
2156 3044 2401 3109 habens
2447 3046 2529 3110 ab

395 3134 710 3198 uniuersis
757 3133 1066 3199 fratribus
1113 3135 1488 3219 cunctisque
1518 3134 2119 3220 superuenientibus
2149 3132 2529 3220 hospitibus,

395 3222 565 3304 quod
617 3224 720 3287 uir
774 3231 943 3287 esset
996 3223 1238 3287 multae
1295 3223 1559 3308 pietatis
1614 3244 1689 3287 ac
1747 3223 2073 3307 religionis
2117 3224 2528 3310 iniunctoque

396 3311 518 3376 sibi
583 3309 794 3376 officio
859 3333 1175 3397 supernae
1233 3319 1484 3376 tantum
1551 3310 1865 3376 mercedis
1932 3313 2145 3397 gratia
2214 3310 2524 3377 subditus,

394 3399 524 3464 Hic
569 3422 717 3463 cum
764 3399 1043 3487 quadam
1088 3399 1194 3465 die
1239 3400 1417 3465 10033
1464 3401 1603 3465 31110
1633 3422 1811 3487 saga,
1852 3400 2085 3487 quibus
2115 3403 2182 3466 in
2212 3400 2527 3487 hospitale

393 3489 716 3574 utebatur,
763 3491 832 3554 in
876 3492 1042 3554 mari
1085 3490 1385 3573 lauasset,
1434 3487 1690 3555 rediens
1736 3489 1996 3555 domum
2024 3491 2364 3576 repentina
2396 3513 2525 3554 me-

393 3576 498 3644 dio
541 3580 771 3643 itinere
817 3578 1111 3643 molestia
1157 3586 1368 3644 tactus
1417 3586 1533 3662 est,
1583 3580 1671 3643 ita
1717 3588 1790 3643 ut
1835 3600 2137 3644 corruens
2182 3580 2249 3644 in
2281 3582 2525 3645 terram

397 3674 462 3729 et
507 3664 875 3752 aliquandiu
919 3689 1161 3756 pronus
1207 3670 1425 3733 iacens
1470 3670 1583 3731 uix
1626 3665 1886 3733 tandem
1917 3676 2307 3753 resurgeret.
2400 3668 2522 3733 Re·

395 3774 665 3839 surgens
705 3764 926 3831 autem
973 3758 1171 3822 sensit
1218 3754 1551 3822 dimidiam
1596 3758 1881 3843 corporis
1928 3759 2026 3821 sui
2071 3766 2325 3843 partem
2356 3779 2395 3821 a
2428 3780 2526 3823 ca-

396 3841 530 3926 pite
594 3864 797 3929 usque
856 3845 940 3910 ad
1003 3846 1199 3931 pedes
1251 3845 1569 3933 paralysis
1626 3847 1935 3931 languore
1995 3844 2392 3932 depressam,
2464 3856 2526 3911 01
