2723 4326
185 192 222 244 Ι.
257 193 340 246 27.
2229 196 2310 258 47

353 367 675 452 Vigilanti
722 391 876 434 uero
923 378 1140 434 mente
1194 367 1597 455 pensandum
1640 380 1762 455 est,
1824 371 1995 456 quod
2048 373 2115 435 in
2158 369 2317 438 Sina

182 468 396 524 monte
445 456 744 523 dominus
789 456 872 522 ad
916 458 1226 545 populum
1273 458 1603 524 locuturus
1648 460 1826 545 prius
1881 457 2155 525 eundem
2201 483 2309 547 po—

175 550 402 637 pulum
449 547 779 612 abstinere
823 570 864 613 a
910 547 1286 612 mulieribus
1331 548 1681 634 praecepit.
1758 547 1849 612 Et
1894 549 1949 612 si
1988 548 2157 633 illuc,
2206 549 2317 614 ubi

175 637 473 704 dominus
528 659 648 723 per
693 645 1060 702 creaturam
1113 635 1440 702 subditam
1493 636 1857 702 hominibus
1913 637 2314 724 loquebatur,

173 737 360 794 tanta
405 727 779 813 prouisione
827 735 926 791 est
972 726 1288 792 munditia.
1334 728 1623 813 corporis
1667 728 2007 813 requisita,
2052 736 2158 813 ut,
2208 731 2317 813 qui

175 817 381 882 uerba
410 814 518 880 dei
547 816 978 902 perciperent,
1011 815 1390 880 mulieribus
1421 817 1608 880 mixti
1639 837 1767 880 non
1798 825 2043 901 essent3
2078 826 2317 903 quanto

171 907 392 992 magis
457 905 792 988 mulieres,
861 926 1026 991 quae
1085 927 1318 990 corpus
1364 902 1607 970 domini
1652 906 2107 990 omnipotentis
2150 908 2314 972 acci-

176 997 390 1082 piunt,
440 994 763 1059 custodire
807 994 876 1058 in
921 1015 992 1058 se
1035 993 1419 1060 munditiam
1467 995 1677 1060 carnis
1722 994 1989 1074 debent,
2051 1017 2134 1060 ne
2180 998 2321 1082 ipsa

176 1083 672 1150 inaestimabilis
693 1084 988 1170 mysterii
1009 1081 1457 1168 magnitudine
1481 1083 1879 1168 grauentur‘?
1924 1082 2099 1148 Hinc
2123 1087 2320 1150 etiam

175 1174 260 1240 ad
304 1172 534 1238 Dauid
579 1170 661 1237 de
706 1173 926 1258 pueris
972 1173 1106 1236 suis
1151 1194 1271 1259 per
1315 1171 1725 1238 sacerdotem
1762 1171 2018 1257 dicitur,
2063 1184 2137 1237 ut
2182 1175 2237 1238 si
2282 1197 2321 1238 a

175 1261 561 1328 mulieribus
603 1258 830 1326 mundi
875 1270 1088 1326 essent
1106 1308 1123 1340 ‚
1187 1284 1387 1348 panes
1433 1262 1887 1348 propositionis
1930 1264 2319 1350 acciperent,

177 1375 338 1439 quos
383 1351 646 1416 omnino
691 1371 818 1414 non
863 1351 1254 1437 acciperent,
1300 1352 1425 1415 nisi
1455 1352 1631 1437 prius
1661 1349 1934 1416 mundos
1966 1374 2073 1417 eos
2103 1352 2323 1417 Dauid

177 1465 220 1506 a
260 1440 650 1506 mulieribus
699 1439 1033 1504 fateretur.
1128 1439 1318 1506 Tunc
1378 1449 1601 1505 autem
1661 1442 1791 1525 uir,
1854 1441 1967 1526 qui
2026 1452 2172 1528 post
2216 1439 2322 1506 ad-

183 1531 562 1595 mixtionem
609 1530 898 1614 coniugis
944 1527 1112 1593 lotus
1157 1550 1329 1615 aqua
1374 1529 1587 1614 fuerit,
1636 1532 1837 1596 etiam
1882 1553 2106 1596 sacrae
2151 1553 2323 1596 com—

181 1620 506 1684 munionis
571 1620 954 1704 mysterium
1007 1617 1182 1683 ualet
1239 1620 1563 1705 accipere,
1614 1641 1761 1684 cum
1808 1621 1868 1684 ei
1916 1621 2091 1685 iuxta
2136 1643 2320 1706 prae-

181 1709 432 1774 finitam
481 1708 867 1772 sententiam
915 1707 1112 1772 etiam
1159 1709 1497 1773 ecclesiam
1542 1708 1797 1772 licuerit
1840 1709 2099 1774 intrare.

360 1794 593 1860 VIIII.
676 1793 1112 1880 Interrogatio
1160 1795 1539 1882 Augustini:
1597 1793 1673 1862 Si
1725 1806 1869 1883 post
1922 1797 2321 1882 inlusionem,

181 1909 350 1973 quae
394 1909 516 1973 per
561 1886 879 1950 somnium
928 1885 1091 1951 solet
1135 1885 1449 1969 accidere,
1496 1884 1602 1951 uel
1647 1908 1880 1974 corpus
1912 1885 2154 1952 domini
2184 1888 2321 1974 qui-

183 1975 342 2128 liblet
388 1977 688 2126 accipere
732 1973 984 2058 ualeat3
1029 1975 1152 2060 uel,
1203 1977 1259 2040 si
1305 1972 1603 2041 sacerdos
1644 1977 1747 2060 sit,
1796 1997 1985 2041 sacra
2014 1978 2327 2064 mysteria

183 2087 258 2132 ce
285 2066 517 2130 ebrare

361 2150 723 2240 Respondit
789 2151 1184 2239 Gregorius:
1264 2151 1461 2218 Hunc
1526 2150 1787 2239 quidem
1864 2162 2324 2220 testamentum

181 2245 426 2309 ueteris
485 2244 654 2327 legis
671 2293 692 2326 ,
751 2244 916 2308 sicut
974 2244 1042 2306 in
1103 2244 1422 2328 superiori
1483 2243 1762 2329 capitulo
1829 2245 1961 2307 iam
2025 2243 2324 2328 diximus,

185 2332 504 2417 pollutum
563 2330 752 2416 dicit,
817 2342 882 2397 et
941 2332 1065 2397 nisi
1122 2331 1326 2397 lotum
1391 2354 1561 2417 aqua
1606 2354 1810 2419 usque
1854 2330 1936 2396 ad
1982 2355 2325 2419 uesperam

185 2425 430 2487 intrare
477 2421 819 2486 ecclesiam
866 2442 994 2486 non
1041 2420 1350 2486 concedit.
1446 2419 1635 2499 Quod
1698 2432 1916 2487 tamen
1975 2422 2163 2487 aliter
2216 2445 2325 2509 po-

186 2511 372 2597 pulus
420 2511 730 2597 spiritalis
775 2509 1158 2593 intellegens
1205 2510 1326 2574 sub
1374 2509 1602 2577 eodem
1649 2510 1982 2576 intellectu
2028 2513 2323 2597 accipiet,

189 2622 312 2687 quo
359 2599 642 2687 praefati
688 2622 935 2665 sumus:
1007 2600 1159 2685 quia
1206 2600 1391 2685 quasi
1450 2622 1568 2685 per
1614 2602 1934 2665 somnium
1994 2598 2324 2686 inluditur,

185 2692 296 2776 qui
343 2698 636 2755 tentatus
682 2688 1118 2772 immunditia,
1165 2690 1336 2754 ueris
1382 2688 1777 2775 imaginibus
1822 2690 1888 2753 in
1936 2690 2327 2775 cogitatione

185 2780 592 2865 inquinatur3
640 2776 754 2842 sed
797 2777 1112 2843 lauandus
1158 2786 1258 2842 est
1301 2800 1491 2863 aqua,
1539 2789 1611 2843 ut
1654 2780 1877 2864 culpas
1921 2781 2327 2865 cogitationis

185 2867 473 2933 lacrimis
520 2868 772 2933 abluat:
822 2876 889 2931 et
932 2867 1059 2932 nisi
1105 2867 1284 2953 prius
1329 2868 1500 2951 ignis
1547 2869 1918 2933 tentationis
1964 2872 2324 2953 recesserit,

183 2980 366 3022 reum
434 2978 505 3021 se
565 2956 749 3041 quasi
777 2977 1010 3042 .usque
1073 2953 1159 3020 ad
1203 2978 1544 3042 uesperum
1592 2967 1959 3041 cognoscat.
2052 2956 2184 3025 Sed
2231 2968 2329 3024 est

186 3048 252 3111 in
299 3045 533 3111 eadem
579 3045 892 3110 inlusione
938 3043 1130 3110 ualde
1176 3046 1545 3111 necessaria
1590 3043 1919 3131 discreti0,
1968 3069 2135 3132 quae
2182 3048 2326 3111 sub-

183 3134 385 3200 tiliter
425 3135 685 3221 pensari
719 3133 934 3218 debet,
985 3156 1067 3199 ex
1099 3156 1228 3219 qua
1256 3157 1330 3199 re
1376 3133 1630 3199 accidat
1676 3137 1877 3201 menti
1919 3135 2323 3201 dormientis:

181 3223 533 3310 aliquando
581 3224 752 3288 enim
797 3246 880 3288 ex
927 3223 1220 3309 crapula,
1267 3221 1611 3309 aliquando
1662 3247 1744 3289 ex
1788 3234 2058 3289 naturae
2104 3246 2321 3311 super-

186 3312 438 3379 fluitate
480 3322 546 3378 et
593 3311 999 3397 infirmitate,
1055 3312 1399 3398 aliquando
1441 3336 1523 3378 ex
1568 3315 1963 3397 cogitatione
2010 3315 2326 3398 contingit

187 3403 298 3469 ita.
391 3401 481 3467 Et
529 3399 789 3488 quidem
838 3425 984 3467 cum
1035 3423 1116 3465 ex
1163 3410 1433 3466 naturae
1494 3401 1938 3488 superfluitate
1996 3403 2102 3467 uel
2146 3402 2325 3467 infir·

190 3493 419 3557 mitate
466 3490 778 3572 euenerit,
827 3489 1194 3555 omnimodo
1240 3490 1403 3556 haec
1446 3489 1678 3556 inlusio
1722 3512 1850 3555 non
1882 3499 1982 3555 est
2011 3489 2324 3577 timenda3

193 3582 345 3666 quia
386 3580 555 3645 hanc
602 3580 887 3645 animum
933 3580 1326 3645 nescientem
1369 3579 1709 3667 pertulisse
1741 3582 1951 3664 magis
1982 3578 2327 3647 dolendum

193 3679 291 3733 est
305 3719 326 3752 ,
389 3691 588 3756 quam
651 3668 900 3734 fecisse.
995 3665 1161 3733 Cum
1219 3690 1373 3733 uero
1432 3668 1604 3734 ultra
1669 3670 1931 3735 modum
1999 3672 2325 3757 appetitus

193 3756 384 3841 gulae
427 3760 496 3823 in
541 3756 870 3823 sumendis
915 3756 1240 3823 alimentis
1286 3759 1554 3845 rapitur,
1602 3768 1799 3845 atque
1830 3756 2070 3824 idcirco
2100 3760 2321 3825 humo-

193 3869 335 3910 rum
380 3846 794 3934 rcceptacula
838 3856 1210 3931 grauantur,
1261 3846 1455 3913 habet
1486 3848 1719 3913 exinde
1748 3849 2001 3914 animus
2046 3849 2321 3935 aliquem
