2723 4326
416 200 501 263 38
2382 198 2423 251 Ι.
2462 199 2553 254 27.

417 374 585 462 quod
633 375 901 459 accedit,
950 383 1252 463 quattuor
1283 373 1563 441 debeant
1607 374 1748 440 fieri
1794 376 2150 461 portiones3
2198 397 2327 439 una
2372 375 2547 440 uide-

415 465 568 530 licet
627 465 928 552 episcopo
989 475 1054 530 et
1114 464 1403 532 familiae
1465 473 1731 552 propter
1786 465 2291 551 hospitalitatem
2352 475 2555 551 atque

417 556 910 640 susceptionem,
945 556 1073 621 alia
1104 554 1294 639 clero,
1328 556 1524 621 tertia
1555 554 1968 640 pauperibus,
2003 563 2233 640 quarta
2264 555 2556 620 ecclesiis

416 642 809 730 reparandis.
905 641 1039 708 Sed
1085 645 1235 730 quia
1281 651 1396 708 tua
1450 643 1819 708 fraternitas
1876 643 2250 710 monasterii
2304 644 2557 729 regulis

417 730 687 816 erudita,
737 754 1022 798 seorsum
1069 731 1211 797 fieri
1255 754 1382 796 non
1429 729 1625 800 debet
1671 755 1710 796 a
1756 731 2003 796 clericis
2051 734 2181 798 suis
2228 733 2294 796 in
2348 733 2551 799 eccle·

417 823 514 886 sia
558 819 948 906 Anglorum,
1017 843 1186 908 quae
1244 831 1509 887 auctore
1556 821 1675 886 deo
1720 843 1929 908 nuper
1974 819 2183 886 adhuc
2226 820 2310 888 ad
2354 820 2557 887 fidem

417 907 696 976 adducta
741 921 871 994 est,
918 912 1085 988 hanc
1131 909 1328 976 debet
1374 911 1937 986 conuersationem
1970 910 2332 994 instituere,
2382 933 2553 998 quae

417 1000 598 1065 initio
645 1001 964 1065 nascentis
1011 1001 1322 1066 ecclesiae
1368 999 1491 1064 fuit
1535 999 1827 1086 patribus
1872 1001 2146 1084 nostris3
2202 1001 2270 1064 in
2315 1001 2556 1087 quibus

415 1089 626 1154 nullus
657 1110 881 1155 eorum
912 1112 996 1154 ex
1037 1089 1156 1174 his,
1207 1110 1374 1175 quae
1418 1088 1855 1175 possidebant,
1904 1089 2145 1176 aliquid
2190 1111 2377 1154 suum
2408 1113 2552 1156 esse

416 1175 692 1257 dicebat,
742 1177 856 1244 sed
901 1187 1087 1246 erant
1133 1179 1224 1243 eis
1272 1179 1487 1242 omnia
1533 1179 1914 1245 communia.

595 1263 780 1354 Siqui
825 1289 981 1332 uero
1020 1277 1168 1332 sunt
1197 1268 1416 1332 clerici
1448 1276 1631 1332 extra
1662 1289 1879 1333 sacros
1910 1265 2164 1336 ordines
2195 1268 2555 1350 constituti,

418 1357 528 1442 qui
575 1379 644 1420 se
693 1358 1022 1422 continere
1082 1378 1211 1422 non
1271 1365 1569 1443 possunt,
1635 1359 1851 1426 sortiri
1914 1378 2150 1421 uxores
2198 1354 2438 1422 debent
2482 1367 2558 1422 et

417 1443 736 1531 stipendia
803 1467 918 1509 sua
982 1447 1266 1510 exterius
1329 1446 1641 1532 accipere.
1736 1444 1907 1525 Quia
1952 1455 2019 1510 et
2062 1446 2143 1510 de
2190 1443 2393 1510 isdem
2438 1469 2552 1532 pa-

417 1534 642 1616 tribus,
685 1532 764 1598 de
796 1534 1027 1621 quibus
1058 1534 1334 1621 praefati
1368 1557 1606 1616 sumus,
1652 1537 1949 1600 nouimus
1996 1536 2121 1598 scri
2169 1543 2329 1617 tum,
2379 1533 2553 1621 quod

418 1620 824 1689 diuidebatur
871 1624 1158 1709 singulis,
1208 1632 1401 1711 prout
1447 1625 1676 1710 cuique
1724 1646 1761 1688 o
1808 1646 1883 1688 us
1924 1631 2065 1688 erat
2140 1623 2279 1688 Act.
2314 1625 2376 1707 4,
2411 1622 2555 1711 35).

417 1711 522 1778 De
571 1735 789 1779 eorum
837 1734 1092 1799 quoque
1139 1711 1457 1800 stipendio
1504 1715 1761 1797 cogitan
1807 1735 1915 1776 um
1964 1721 2162 1798 atque
2209 1711 2549 1799 prouiden-

418 1801 570 1866 dum
603 1810 720 1886 est,
764 1811 828 1866 et
869 1801 984 1866 sub
1017 1803 1453 1868 ecclesiastica
1480 1801 1708 1888 regula
1736 1811 1882 1866 sunt
1917 1800 2198 1886 tenendi,
2246 1811 2318 1867 ut
2362 1801 2555 1867 bonis

418 1890 701 1955 moribus
746 1893 969 1956 uiuant
1001 1900 1065 1956 et
1096 1889 1400 1956 canendis
1445 1890 1706 1978 psalmis
1749 1891 2088 1976 inuigilent
2134 1900 2201 1956 et
2241 1892 2323 1957 ab
2350 1893 2551 1956 omni-

416 1979 536 2047 bus
594 1979 851 2047 inlicitis
915 1989 982 2046 et
1046 2002 1157 2044 cor
1216 1990 1282 2046 et
1338 1981 1628 2066 linguam
1688 1988 1752 2045 et
1813 2001 2045 2068 corpus
2106 1978 2225 2045 deo
2285 1991 2554 2047 auctore

419 2081 814 2134 conseruent.
911 2067 1253 2135 Communi
1297 2079 1513 2137 autem
1562 2071 1697 2134 uita
1738 2069 2105 2134 uiuentibus
2149 2070 2280 2134 iam
2327 2068 2409 2134 de
2454 2070 2550 2135 fa-

418 2157 661 2225 ciendis
715 2159 1115 2247 portionibus
1168 2158 1273 2224 uel
1327 2157 1691 2225 exhibenda
1753 2158 2191 2246 hospitalitate
2236 2170 2301 2226 et
2345 2156 2549 2225 adim-

416 2247 652 2335 plenda
711 2249 1152 2318 misericordia
1216 2248 1401 2316 nobis
1460 2248 1616 2334 quid
1678 2250 1801 2314 erit
1858 2246 2291 2335 loquendum?
2382 2248 2552 2315 Cum

415 2361 626 2423 omne,
675 2337 845 2425 quod
893 2346 1212 2425 superest,
1259 2338 1325 2402 in
1374 2338 1581 2403 causis
1626 2338 1746 2425 piis
1793 2361 1871 2405 ac
1915 2338 2234 2423 religiosis
2282 2360 2549 2423 erogan-

415 2426 568 2505 dum
593 2437 708 2511 est,
743 2426 999 2493 domino
1045 2429 1332 2493 omnium
1372 2427 1683 2513 magistro
1729 2424 2029 2493 docente:
2080 2424 2292 2505 ‘Quod
2332 2448 2547 2514 super-

416 2527 544 2601 est,
594 2514 744 2581 date
792 2516 1246 2603 elimosynam,
1294 2524 1358 2580 et
1406 2538 1557 2581 ecce
1605 2518 1819 2583 omnia
1863 2514 2105 2583 munda
2148 2525 2296 2581 sunt
2339 2517 2551 2581 uobis’

417 2604 536 2691 (eu.
586 2604 739 2671 Duc.
793 2606 896 2691 ll,
945 2604 1080 2691 41).
2443 2672 2453 2679 ,

591 2694 682 2773 Ι,Ι.
733 2694 1167 2779 Interrogatio
1213 2692 1597 2780 Augustini:
1646 2692 1812 2759 Cum
1858 2715 1987 2759 una
2032 2694 2118 2758 sit
2160 2692 2350 2778 fides,
2398 2704 2551 2759 sunt

417 2784 837 2853 ecclesiarum
883 2783 1176 2851 diuersae
1223 2780 1745 2867 consuetudines,
1794 2792 1860 2848 et
1905 2784 2111 2849 altera
2156 2782 2553 2849 consuetudo

417 2873 755 2936 missarum
824 2875 890 2937 in
959 2882 1182 2937 sancta
1243 2871 1535 2937 Romana
1602 2873 1876 2939 ecclesia
1942 2882 2138 2959 atque
2205 2873 2407 2938 altera
2482 2874 2550 2937 in

419 2958 777 3027 Galliarum
824 2960 1120 3027 tenetur?

489 3056 494 3059 ’
594 3049 948 3137 Respondit
1014 3048 1372 3135 Gregorius
1439 3071 1647 3135 papa:
1725 3049 1928 3115 Nouit
1995 3049 2365 3115 fraternitas
2436 3058 2553 3115 tua

416 3139 745 3216 Romanae
809 3139 1120 3207 ecclesiae
1183 3139 1736 3221 consuetudinem,
1803 3140 1873 3207 in
1935 3160 2063 3225 qua
2122 3161 2191 3203 se
2254 3141 2555 3205 meminit

415 3230 744 3299 nutritam.
825 3226 957 3295 Sed
1001 3228 1161 3293 mihi
1206 3229 1437 3315 placet,
1488 3230 1622 3292 siue
1668 3230 1733 3294 in
1779 3228 2071 3293 Romana
2116 3228 2253 3293 siue
2293 3230 2358 3292 in
2392 3226 2553 3295 Gral-

415 3319 647 3383 liarum
679 3341 792 3384 seu
823 3320 888 3382 in
921 3318 1205 3405 qualibet
1237 3316 1511 3383 ecclesia
1540 3316 1784 3403 aliquid
1814 3318 2135 3401 inuenisti,
2183 3316 2356 3403 quod
2400 3317 2553 3405 plus

418 3409 841 3495 omnipotenti
873 3406 992 3473 deo
1024 3408 1226 3493 possit
1256 3407 1535 3493 placere,
1570 3406 1842 3471 sollicite
1872 3406 2075 3492 eligas
2107 3414 2175 3471 et
2204 3410 2269 3471 in
2302 3404 2550 3492 Anglo-

414 3518 560 3561 rum
605 3496 894 3581 ecclesia,
945 3518 1112 3583 quae
1159 3494 1369 3559 adhuc
1412 3494 1496 3560 ad
1540 3493 1735 3563 fidem
1780 3517 1950 3561 noua
1981 3505 2097 3579 est,
2146 3495 2551 3561 institutione

460 3588 781 3672 raecipua,
831 3607 998 3672 quae
1043 3584 1124 3651 de
1169 3586 1388 3650 multis
1434 3584 1723 3649 ecclesiis
1770 3584 2073 3670 colligere
2120 3585 2407 3671 potuisti,
2455 3586 2551 3651 in-

531 3672 664 3743 das.
757 3673 907 3739 Non
965 3676 1135 3740 enim
1200 3696 1318 3760 pro
1378 3673 1535 3739 locis
1592 3695 1732 3757 res,
1800 3672 1910 3739 sed
1958 3695 2075 3760 pro
2120 3673 2304 3739 bonis
2350 3674 2551 3739 rebus

414 3763 558 3828 loca
602 3763 876 3828 amanda
921 3772 1088 3833 sunt.
1158 3762 1264 3829 Ex
1311 3763 1578 3847 singulis
1626 3784 1781 3847 ergo
1828 3762 2189 3850 quibusque
2236 3763 2550 3849 ecclesiis,

417 3873 582 3938 quae
625 3854 753 3939 pia,
803 3874 968 3939 quae
1012 3852 1336 3936 religiosa,
1387 3873 1553 3937 quae
1598 3862 1779 3917 recta
1810 3861 1977 3936 sunt,
2028 3852 2221 3937 elige;
2272 3861 2337 3917 et
2381 3851 2551 3919 haec
