2723 4326
405 201 536 264 164
2323 199 2445 252 ΙΙΠ.
2490 201 2541 254 1.

400 377 566 442 Erat
611 386 830 442 autem
875 378 942 441 in
986 379 1374 442 monasterio
1421 376 1759 463 Nisidano,
1807 376 1979 464 quod
2026 387 2124 443 est
2167 399 2296 443 non
2339 377 2497 464 long
2500 401 2542 444 e

331 498 334 501 ·
401 489 442 531 a
471 465 749 554 Neapoli
784 462 1198 554 Campaniae,
1249 464 1451 531 abbas
1482 465 1853 531 Hadrianus
1918 468 2020 530 uir
2063 469 2320 532 natione
2350 402 2541 550 Afgr,

401 556 602 621 sacris
647 555 877 620 litteris
924 556 1269 640 diligenter
1311 557 1590 640 inbutus,
1638 556 2198 621 monasterialibus
2246 557 2435 620 simul
2468 567 2543 622 et

399 643 846 710 ecclesiasticis
894 644 1244 748 disciplinis
1292 646 1643 727 institutus,
1695 643 1988 711 Graecae
2033 646 2278 732 pariter
2311 654 2375 710 et
2405 643 2537 711 La·

397 735 572 798 tinae
634 734 895 818 linguae
956 735 1402 822 peritissimus
1495 732 1688 798 Hunc
1752 732 1834 798 ad
1894 756 1963 799 se
2024 736 2302 799 accitum
2363 756 2542 821 papa

398 824 587 888 iussit
619 825 991 910 episcopatu
1023 833 1286 909 accepto
1316 821 1707 887 Brittaniam
1736 825 1979 888 uenire.
2043 824 2172 903 Qui
2200 821 2540 908 indignum

401 933 469 976 se
499 920 679 977 tanto
711 911 944 996 gradui
975 910 1389 998 respondem,
1431 911 1767 977 ostendere
1798 935 1988 999 posse
2018 935 2089 977 se
2118 913 2284 978 dixit
2316 912 2538 996 alium,

400 1002 581 1066 cuius
643 1003 855 1087 magis
924 999 1007 1066 ad
1071 1000 1547 1086 suscipiendum
1623 1002 2065 1088 episcopatum
2134 1011 2199 1066 et
2263 1001 2539 1066 eruditio

402 1092 775 1155 conueniret
821 1098 889 1156 et
933 1098 1130 1158 aetas.
1194 1088 1486 1175 Cumque
1530 1089 1916 1155 monachum
1964 1089 2284 1176 quendam
2330 1090 2411 1155 de
2440 1093 2538 1154 ui-

399 1181 542 1245 cino
589 1180 916 1263 uirginum
961 1179 1374 1261 monasteriO,
1422 1179 1677 1243 nomine
1714 1178 2072 1263 Andream,
2119 1177 2407 1266 pontifici
2441 1181 2539 1244 of-

398 1269 628 1350 ferret,
696 1266 800 1332 hic
857 1269 939 1333 ab
987 1268 1282 1332 omnibus
1293 1318 1312 1352 ,
1382 1268 1491 1353 qui
1543 1289 1809 1352 nouere,
1877 1266 2107 1352 dignus
2165 1270 2544 1355 episcopatu

399 1356 715 1423 iudicatus
771 1367 889 1421 cst.
981 1356 1232 1421 Verum
1276 1356 1528 1444 pondus
1576 1378 1924 1444 corporeae
1969 1357 2389 1441 infirmitatis,
2454 1381 2540 1423 ne

401 1447 737 1533 episcopus
781 1443 923 1509 fieri
968 1454 1203 1531 posset,
1253 1446 1519 1510 obstitit.
1604 1445 1693 1510 Et
1739 1468 1993 1510 rursum
2036 1444 2408 1511 Hadrianus
2454 1448 2543 1512 ad

401 1533 878 1620 suscipiendum
925 1537 1368 1638 episcopatum
1412 1544 1593 1600 actus
1626 1543 1750 1600 est:
1802 1537 1912 1621 qui
1958 1544 2181 1621 petens
2226 1536 2538 1620 inducias,

400 1625 456 1688 si
501 1623 668 1689 forte
731 1623 955 1704 alium,
1024 1625 1133 1710 qui
1199 1625 1537 1711 episcopus
1602 1622 2030 1710 ordinaretur,
2098 1646 2183 1690 ex
2246 1633 2541 1712 tempore

397 1722 616 1800 posset
661 1713 966 1777 inuenire.

577 1800 738 1866 Erat
785 1802 924 1887 ipso
970 1810 1262 1888 tempore
1293 1801 1541 1866 Romae
1572 1802 1923 1868 monachus
1953 1802 2288 1867 Hadriano
2326 1811 2541 1886 notua,

398 1891 659 1954 nomine
692 1889 1092 1975 Theodorus,
1141 1899 1331 1956 natus
1380 1890 1589 1955 Tar-so
1638 1891 1919 1976 Ciliciae,
1967 1893 2069 1955 uir
2116 1900 2182 1956 et
2228 1891 2544 1957 saeculari

400 1987 466 2042 et
511 1978 730 2043 diuina
772 1979 1140 2044 litteratura
1187 1989 1250 2044 et
1294 1977 1549 2045 Graece
1594 1982 1940 2045 instructus
1987 1989 2051 2044 et
2091 1978 2344 2064 Latine,
2392 2003 2540 2066 pro-

399 2068 518 2132 bus
567 2068 850 2133 moribus
899 2078 964 2133 et
1011 2077 1229 2133 aetate
1291 2067 1726 2153 uenerandus,
1790 2067 1856 2133 id
1904 2078 2003 2133 est
2046 2091 2247 2134 annos
2292 2069 2541 2134 habens

397 2159 630 2224 aetatis
678 2156 808 2222 LX
854 2168 921 2223 et
949 2156 1070 2223 VI.
1135 2155 1330 2222 Hunc
1378 2157 1650 2223 offerens
1695 2157 2066 2223 Hadrianus
2110 2158 2420 2246 pontifici,
2467 2169 2543 2225 ut

399 2249 736 2336 episcopus
776 2248 1202 2330 ordinaretur,
1267 2247 1570 2312 obtinuit:
1638 2248 1737 2313 his
1784 2258 2000 2313 tamen
2059 2248 2543 2313 condicionibus

395 2338 814 2425 interpositiS,
863 2346 936 2401 ut
985 2339 1125 2422 ipse
1171 2359 1317 2401 eum
1365 2335 1747 2423 perduceret
1794 2336 2193 2421 Brittaniam,
2242 2359 2316 2402 eo
2364 2338 2541 2423 quod

397 2428 528 2491 iam
576 2426 676 2491 bis
721 2435 941 2512 partes
991 2424 1353 2491 Galliarum
1415 2424 1685 2490 diuersis
1745 2448 1826 2490 ex
1873 2428 2083 2491 causis
2141 2424 2407 2509 adisset,
2469 2437 2538 2491 et

398 2515 481 2579 ob
529 2513 598 2579 id
643 2516 955 2579 maiorem
1002 2513 1190 2579 huius
1238 2517 1488 2580 itineris
1532 2516 1889 2601 peragendi
1932 2516 2223 2580 notitiam
2268 2514 2542 2580 haberet

399 2601 853 2690 sufficiensque
912 2613 1081 2668 esset
1127 2606 1194 2668 in
1247 2605 1663 2709 possessione
1711 2603 2042 2669 hominum
2099 2606 2535 2691 propriorum:

399 2703 467 2758 et
512 2704 583 2757 ut
629 2696 690 2758 ei
735 2694 1062 2758 doctrinae
1122 2702 1501 2781 cooperator
1561 2694 1843 2758 existens
1908 2693 2256 2779 diligenter
2315 2691 2540 2757 adten—

398 2781 612 2866 deret,
651 2780 912 2886 nequid
970 2783 1079 2847 ille
1142 2784 1536 2847 contrarium
1596 2784 1860 2847 ueritati
1912 2780 2089 2863 fidei,
2138 2780 2543 2848 Graecorum

398 2893 599 2955 more,
647 2872 715 2934 in
761 2871 1121 2955 ecclesiam,
1170 2872 1273 2935 cui
1308 2880 1658 2959 praeesset,
1706 2869 2161 2936 introduceret.
2227 2869 2357 2949 Qui
2389 2870 2537 2935 sub·

400 2960 705 3025 diaconus
770 2960 1098 3025 ordinatus
1166 2959 1312 3025 IIII
1370 2962 1773 3046 exspectauit
1821 2982 2104 3043 menses,
2176 2958 2378 3025 donec
2447 2959 2543 3024 illi

400 3071 585 3114 coma
631 3058 970 3132 cresceret,
1019 3071 1144 3135 quo
1190 3049 1258 3112 in
1303 3071 1608 3114 coronam
1655 3048 1838 3114 tondi
1883 3058 2116 3153 posset.
2195 3046 2544 3114 Habuerat

401 3140 572 3203 enim
637 3098 970 3202 tonsurani
1025 3159 1206 3203 more
1273 3138 1677 3203 orientalium
1737 3140 1943 3203 sancti
2002 3136 2277 3223 apostoli
2330 3137 2542 3203 Pauli.

400 3226 530 3306 Qui
593 3226 921 3292 ordinatus
969 3237 1066 3291 est
1112 3250 1152 3291 a
1197 3226 1523 3292 Vitaliano
1583 3249 1753 3313 papa
1813 3250 1979 3292 anno
2041 3227 2396 3291 dominicae
2442 3229 2539 3291 in—

401 3318 785 3381 carnationis
805 3314 1232 3381 DOLXVIII
1264 3317 1385 3381 sub
1418 3317 1521 3382 die
1547 3314 1697 3381 VII.
1716 3316 2159 3381 Kalendarum
2193 3315 2541 3404 Aprilium,

401 3404 737 3470 dominica.
800 3405 889 3470 Et
934 3408 1026 3469 ita
1071 3428 1200 3470 una
1246 3427 1394 3470 cum
1440 3402 1774 3470 Hadriano
1806 3405 1923 3470 VI.
1958 3403 2287 3470 Kalendas
2320 3404 2545 3469 Iunias

398 3492 792 3559 Brittaniam
850 3496 1081 3558 missus
1144 3503 1262 3559 est.
1356 3493 1485 3573 Qui
1545 3517 1690 3559 cum
1751 3496 1992 3581 pariter
2052 3517 2169 3582 per
2229 3516 2409 3558 mare
2456 3494 2545 3558 ad

399 3580 757 3648 Massiliam
804 3591 868 3648 et
915 3582 1147 3648 deinde
1193 3606 1311 3670 per
1355 3593 1597 3648 terram
1644 3582 1921 3648 Arhelas
1978 3585 2428 3671 peruenissent
2477 3594 2545 3647 et

400 3670 816 3737 tradidissent
867 3670 1142 3737 Iohanni
1197 3673 1681 3760 archiepiscopo
1740 3674 2021 3737 ciuitatis
2076 3672 2242 3737 illius
2298 3674 2544 3760 scripta

402 3759 934 3826 commendaticia
993 3760 1308 3826 Vitaliani
1374 3760 1725 3848 pontificis,
1792 3763 2031 3827 retenti
2091 3771 2239 3826 sunt
2298 3761 2381 3825 ab
2444 3784 2539 3844 e0,

403 3868 736 3934 quousque
783 3850 1066 3915 Ebrinus
1113 3852 1319 3916 maior
1367 3850 1591 3917 domus
1637 3853 1860 3937 regiae
1907 3852 2159 3938 copiam
2203 3848 2542 3937 pergendi,
