2723 4326
151 193 275 248 1111.
317 194 398 247 13.
2160 196 2282 260 187

92 375 96 446 ξ’
151 368 394 450 datum,
443 377 509 434 et
553 369 621 432 in
667 390 740 432 eo
789 368 1020 432 fratres
1063 368 1124 432 V
1171 369 1308 433 siue
1342 368 1458 453 VI,
1506 371 1570 432 in
1617 369 1844 434 humili
1890 379 1955 435 et
2001 388 2286 459 paupere

90 470 92 478 ’
150 461 292 523 uita
337 455 594 522 domino
639 456 1044 524 famulantes,
1109 454 1242 522 Sed
1287 458 1777 543 prouincialium
1823 458 2030 524 nullus
2065 481 2285 525 eorum

88 555 90 578 ἶ
148 547 259 612 uel
304 548 504 610 uitam
550 541 857 610 aemulari
902 546 1007 610 uel
1051 545 1598 631 praedicationem
1647 547 1915 611 curabat
1959 547 2202 613 audire.

86 645 88 650 '
331 634 807 720 Euangelizans
871 643 1089 700 autem
1152 636 1332 719 genti
1404 637 1741 722 episcopus
1804 636 2079 718 Vilfrid,
2155 658 2286 701 non

82 800 84 804 ,
149 725 359 789 solum
404 745 548 789 eam
602 723 684 789 ab
742 745 1008 789 erumna
1052 733 1406 810 perpetuae
1454 722 1900 809 damnationis,
1949 747 2175 790 uerum
2223 736 2287 791 et

80 853 84 888 ;
149 838 192 878 a
243 812 420 878 clade
477 811 741 878 infanda
806 813 1181 899 temporalis
1240 813 1538 877 interitus
1603 815 1855 900 eripuit.
1948 813 2286 900 Siquidem

146 903 359 968 tribus
405 904 587 966 annis
633 911 784 966 ante
829 901 1182 966 aduentum
1228 903 1366 965 eius
1398 903 1463 966 in
1493 904 1912 988 prouinciam,
1961 905 2134 969 nulla
2165 903 2287 968 illis

148 995 220 1056 in
265 991 422 1055 locis
467 990 687 1077 pluuia
732 989 1071 1068 ceciderat,
1118 989 1286 1054 unde
1333 999 1399 1055 et
1444 991 1648 1055 fames
1694 992 2111 1057 acerbissima
2157 991 2287 1079 ple-

149 1082 306 1146 bem
372 1081 678 1145 inuadens
741 1081 942 1166 impia
1004 1100 1160 1143 nece
1221 1081 1591 1165 prostrauit.
1686 1080 1983 1166 Denique
2052 1083 2285 1163 ferunt,

149 1171 308 1256 quia
353 1191 544 1256 saepe
576 1166 697 1232 XL
729 1169 1057 1232 simulant
1087 1166 1145 1233 L
1192 1166 1481 1233 homines
1527 1167 1743 1233 inedia
1788 1172 2097 1234 macerati
2142 1192 2285 1256 pro-

151 1257 458 1323 cederent
505 1254 590 1321 ad
633 1258 1083 1344 praecipitium
1152 1256 1413 1342 aliquod
1471 1259 1606 1323 siue
1669 1260 1878 1345 ripam
1932 1261 2157 1340 maris,
2224 1267 2288 1323 et

148 1347 387 1414 iunctis
433 1347 666 1410 misere
714 1346 1026 1430 manibus,
1077 1348 1318 1432 pariter
1368 1368 1587 1411 omnes
1634 1357 1747 1411 aut
1788 1349 1975 1412 ruina
2017 1349 2290 1435 perituri

143 1446 268 1502 aut
334 1434 634 1499 fluctibus
699 1433 1084 1500 obsorbendi
1151 1434 1541 1500 deciderent.
1645 1433 1890 1501 Verum
1954 1438 2092 1523 ipso
2163 1435 2288 1520 die,

149 1547 282 1611 quo
339 1524 665 1610 baptisma
723 1522 872 1588 fidei
930 1545 1091 1608 gens
1153 1526 1434 1610 suscepit
1478 1524 1617 1608 illa,
1683 1524 2015 1590 descendit
2073 1524 2292 1612 pluuia

147 1635 413 1694 serena,
477 1612 590 1677 sed
648 1613 933 1698 copiosa,
995 1610 1285 1676 refloruit
1344 1623 1547 1692 terra,
1614 1613 1803 1678 rediit
1860 1613 2290 1679 uiridantibus

58 1788 60 1792 ,
147 1704 327 1768 aruis
396 1723 600 1766 annus
667 1700 872 1766 laetus
942 1711 1008 1766 et
1071 1701 1363 1786 frugifer.
1457 1697 1696 1787 Sisque
1762 1703 2017 1767 abiecta
2077 1703 2292 1790 prisea

149 1791 634 1878 superstitione,
707 1789 1045 1854 exsufflata
1107 1789 1432 1873 idolatria,
1508 1812 1620 1854 cor
1678 1793 1963 1855 omnium
2018 1800 2083 1855 et
2140 1813 2287 1856 caro

150 1880 442 1945 omnium
489 1880 938 1943 exultauerunt
983 1881 1048 1942 in
1095 1877 1285 1943 deum
1331 1879 1578 1942 uiuum:
1627 1880 2073 1965 intellegentes
2121 1901 2287 1964 eum,

149 1970 268 2055 qui
296 1989 490 2034 uerus
522 1977 621 2032 est
652 1966 828 2051 deus,
878 1977 943 2032 et
986 1967 1397 2032 interioribus
1428 1989 1497 2032 se
1529 1968 1713 2032 bonis
1752 1977 1816 2033 et
1863 1969 2288 2033 exterioribus

153 2058 421 2123 caelesti
468 2058 679 2141 gratia
725 2054 980 2120 ditasse.
1062 2054 1235 2120 Nam
1282 2067 1348 2121 et
1394 2057 1661 2121 antistes
1707 2079 1851 2122 cum
1897 2058 2177 2121 uenisset
2223 2060 2288 2122 in

152 2147 555 2235 prouinciam
602 2155 972 2231 tantamque
1017 2144 1109 2210 ibi
1155 2145 1343 2211 famis
1392 2168 1664 2233 poenam
1728 2144 2004 2231 uideret,
2075 2145 2291 2211 docuit

152 2258 264 2302 eos
312 2233 617 2323 piscando
663 2237 904 2299 uictum
954 2257 1284 2319 quaerere.
1347 2234 1647 2321 Namque
1694 2258 1871 2301 mare
1918 2245 1982 2299 et
2026 2234 2292 2299 flumina

150 2348 382 2391 eorum
449 2324 730 2409 piscibus
795 2322 1233 2406 abundabant3
1301 2323 1417 2389 sed
1484 2323 1774 2411 piscandi
1834 2325 2067 2410 peritia
2112 2326 2293 2410 genti

93 2464 100 2471 .
150 2413 333 2479 nulla
400 2413 524 2478 nisi
585 2412 669 2477 ad
735 2412 1025 2497 anguilas
1093 2422 1345 2477 tantum
1423 2415 1651 2478 inerat.
1768 2413 2063 2480 Collectis
2133 2435 2290 2497 ergo

151 2503 604 2587 undecumque
650 2501 893 2566 retibus
940 2501 1406 2584 anguilaribus,
1466 2501 1755 2566 homines
1824 2503 2126 2567 antistitis
2172 2504 2289 2565 mi·

155 2601 383 2657 serunt
427 2592 494 2654 in
538 2612 745 2673 mare,
804 2599 870 2655 et
915 2588 1130 2654 diuina
1179 2613 1246 2655 se
1293 2592 1557 2655 iuuante
1605 2594 1819 2676 gratia
1862 2612 2015 2655 mox
2061 2612 2292 2676 cepere

151 2682 368 2768 pisces
416 2677 656 2744 diuersi
702 2680 956 2763 generis
1003 2675 1190 2743 CCC.
1285 2677 1535 2757 Quibus
1581 2680 1897 2745 trifariam
1944 2679 2184 2763 diuisis,
2235 2677 2289 2744 O

151 2767 550 2857 pauperibus
596 2765 926 2850 dederunt,
985 2777 1244 2831 centum
1289 2766 1410 2849 his,
1458 2790 1499 2832 a
1543 2769 1773 2854 quibus
1817 2768 1985 2833 retia
2030 2790 2293 2853 accepe-

151 2867 327 2941 runt,
379 2866 636 2921 centum
677 2857 746 2920 in
789 2877 934 2921 suos
980 2878 1131 2921 usus
1178 2856 1520 2921 habebant.
1584 2854 1727 2934 Quo
1775 2855 2088 2922 beneficio
2131 2857 2289 2921 mul-

153 2956 296 3011 tum
344 2946 614 3010 antistes
661 2967 770 3008 cor
817 2947 1100 3009 omnium
1147 2946 1214 3009 in
1259 2966 1445 3010 suum
1492 2947 1811 3011 conuertit
1857 2967 2169 3028 amorem,
2228 2954 2295 3009 et

150 3035 461 3101 libentius
492 3056 566 3098 eo
597 3032 1008 3119 praedicante
1038 3035 1340 3099 caelestia
1386 3056 1647 3120 sperare
1694 3044 2065 3121 coeperunt,
2115 3034 2293 3098 cuius

151 3123 513 3189 ministerio
559 3122 939 3208 temporalia
983 3122 1154 3187 bona
1199 3133 1581 3187 sumserunt.

338 3208 483 3287 Quo
529 3219 818 3296 tempore
865 3232 980 3274 rex
1025 3209 1407 3275 Aedilualch
1467 3211 1729 3277 donauit
1776 3210 2292 3276 reuerentissimo

151 3302 436 3366 antistiti
481 3297 756 3364 vilfrido
802 3307 1045 3364 terram
1086 3297 1492 3364 LXXXVII
1535 3300 1941 3383 familiarum,
1988 3298 2100 3363 ubi
2144 3320 2294 3361 suos

151 3390 474 3472 homines,
518 3390 627 3473 qui
657 3387 875 3451 exules
906 3387 1332 3472 uagabantur,
1375 3390 1664 3476 recipere
1696 3397 1934 3475 posset,
1982 3386 2294 3451 uocabulo

153 3478 496 3560 Selaeseu,
563 3476 734 3564 quod
794 3475 1024 3540 dicitur
1070 3475 1303 3541 Latine
1349 3478 1557 3542 insula
1602 3478 1786 3542 uituli
1830 3476 2081 3542 marini.
2173 3474 2295 3541 Est

151 3568 335 3632 enim
381 3566 558 3630 locus
603 3565 709 3631 ille
755 3562 1036 3652 undique
1081 3567 1244 3629 mari
1291 3566 1724 3632 circumdatus
1770 3573 2028 3652 praeter
2074 3562 2155 3627 ab
2194 3585 2295 3628 oc·

154 3654 443 3737 cidente,
512 3652 680 3719 unde
724 3652 922 3718 habet
965 3654 1328 3738 ingressum
1375 3653 1816 3742 amplitudinis
1863 3654 2045 3739 quasi
2090 3654 2295 3718 iactus

151 3740 426 3807 fundae:
476 3744 680 3828 qualis
723 3744 900 3809 locus
931 3765 972 3808 a
1001 3741 1252 3808 Latinis
1300 3743 1695 3828 paeninsula,
1742 3766 1783 3807 a
1814 3740 2083 3809 Graecis
2130 3740 2297 3805 solet

155 3830 580 3897 cherronesos
643 3833 880 3897 uocari.
986 3829 1180 3896 Hunc
1244 3852 1401 3917 ergo
1461 3833 1671 3898 locum
1735 3854 1880 3898 cum
1943 3832 2299 3918 accepisset
