2723 4326
375 213 506 276 214
2258 214 2381 266 1111.
2420 215 2507 268 25.

375 409 636 454 necesse
683 389 919 474 uigiliis
965 388 1350 454 salutaribus
1397 389 1691 455 insistere
1736 399 1800 454 et
1831 412 1949 477 pro
1982 391 2143 455 meis
2190 389 2513 456 erratibus

377 477 596 542 sedulo
643 476 971 543 dominum
1020 475 1398 565 deprecari.’
1460 477 1588 557 Qui
1635 477 1917 544 adiciens
1967 476 2252 544 ‘Verum'
2301 480 2514 564 inquit

379 567 586 650 ‘dicis,
650 569 802 653 quia
847 575 912 632 et
959 567 1080 632 tibi
1127 576 1190 632 et
1235 567 1453 632 multis
1499 589 1659 654 opus
1705 577 1804 633 est
1849 577 2119 656 peccata
2165 590 2280 632 sua
2327 566 2513 631 bonis

376 655 674 742 operibus
739 654 1058 720 redimere
1117 665 1207 740 et,
1278 678 1424 723 cum
1492 668 1745 722 cessant
1801 679 1842 721 a
1900 656 2229 723 laboribus
2294 678 2515 721 rerum

375 745 857 830 temporalium,
936 756 1088 811 tunc
1150 768 1267 834 pro
1343 747 1635 833 appetitu
1711 755 2121 812 aeternorum
2195 744 2512 810 bonorum

375 832 639 898 liberius
684 833 1006 918 laborare5
1055 835 1171 900 sed
1215 834 1338 900 hoc
1383 845 1605 900 tamen
1645 836 2019 922 paucissimi
2067 834 2329 899 faciunt.
2409 831 2513 899 Si-

378 920 636 1008 quidem
698 922 887 989 modo
956 932 1161 989 totum
1224 923 1348 988 hoc
1411 925 1872 989 monasterium
1942 947 2025 990 ex
2087 923 2311 989 ordine
2368 945 2517 1010 per—

377 1012 655 1076 lustrans
710 1013 1109 1098 singulorum
1165 1035 1346 1078 casas
1404 1036 1481 1078 ac
1525 1013 1723 1078 lectos
1778 1014 2030 1100 inspexi
2078 1023 2142 1078 et
2187 1013 2514 1079 neminem

379 1123 463 1165 ex
517 1100 812 1165 omnibus
866 1111 1126 1188 praeter
1168 1111 1236 1168 te
1291 1124 1451 1188 erga
1506 1104 1845 1168 sanitatem
1901 1105 2153 1167 animae
2207 1123 2362 1166 suae
2406 1123 2512 1165 oc·

378 1200 685 1277 cupatum
730 1193 1013 1279 repperi:
1063 1190 1175 1256 sed
1220 1213 1439 1256 omnes
1498 1213 1757 1278 prorsus
1818 1201 1881 1256 et
1934 1193 2056 1256 uiri
2113 1200 2178 1256 et
2232 1192 2516 1256 feminae

379 1288 492 1344 aut
538 1301 759 1345 somno
803 1289 1060 1367 torpent
1105 1281 1297 1346 inerti
1341 1289 1454 1345 aut
1500 1280 1583 1345 ad
1628 1289 1897 1368 peccata
1939 1281 2232 1365 uigilant.
2341 1277 2513 1343 Nam

382 1377 448 1434 et
495 1366 946 1453 domunculae,
1006 1390 1172 1455 quae
1231 1368 1313 1432 ad
1359 1367 1671 1435 orandum
1732 1371 1835 1434 uel
1892 1370 2239 1453 legendum
2300 1369 2514 1433 factae

383 1467 593 1541 erant,
642 1479 813 1524 nunc
859 1460 927 1522 in
973 1459 1499 1542 comesationum,
1558 1460 1990 1545 potationum,
2048 1456 2518 1523 fabulationum

385 1555 451 1611 et
497 1556 855 1612 ceterarum
902 1555 1049 1612 sunt
1091 1547 1566 1613 inlecebrarum
1630 1547 1865 1613 cubilia
1940 1569 2319 1631 conuersae,
2382 1549 2511 1610 uir-

383 1637 567 1720 gines
614 1657 867 1723 quoque
915 1635 1036 1700 deo
1081 1635 1353 1722 dicatae,
1404 1646 1728 1702 contemta
1773 1639 2139 1702 reuerentia
2184 1657 2337 1700 suae
2370 1657 2513 1720 pro-

382 1725 701 1808 fessionis,
781 1727 1308 1813 quotiescumque
1381 1736 1640 1810 uacant,
1717 1725 2010 1791 texendis
2079 1724 2515 1790 subtilioribus

383 1813 774 1880 indumentis
833 1837 1096 1902 operam
1157 1816 1338 1899 dant,
1401 1815 1633 1902 quibus
1688 1824 1799 1879 aut
1846 1838 1915 1879 se
1962 1817 2134 1900 ipsas
2182 1814 2264 1878 ad
2307 1815 2518 1876 uicem

386 1924 766 1988 sponsarum
811 1906 878 1968 in
923 1904 1278 1991 periculum
1341 1907 1440 1969 sui
1500 1913 1703 1970 status
1764 1902 2074 1969 adornent
2132 1913 2242 1967 aut
2304 1909 2515 1965 exter-

386 2013 614 2056 norum
659 1994 781 2057 sibi
825 1996 1110 2059 uirorum
1157 1995 1509 2060 amicitiam
1556 2003 1952 2080 comparent.
2046 1990 2233 2056 Vnde
2284 1990 2514 2054 merito

388 2081 529 2144 loco
585 2081 734 2146 huic
781 2092 844 2146 et
886 2082 1358 2148 habitatoribus
1415 2083 1551 2148 eius
1607 2083 1826 2166 grauis
1873 2080 1951 2146 de
1998 2082 2175 2146 caelo
2230 2078 2519 2144 uindicta

386 2168 660 2237 flammis
720 2171 1155 2244 saeuientibus
1213 2182 1601 2259 praeparata
1659 2176 1798 2236 est.’
1892 2170 2079 2235 Dixit
2136 2180 2353 2235 autem
2410 2167 2519 2233 ab·

387 2260 656 2326 batissa:
708 2260 816 2326 ‘Et
848 2284 1045 2347 quare
1075 2282 1201 2325 non
1233 2264 1419 2327 citius
1451 2260 1572 2326 hoc
1611 2269 1987 2347 conpertum
2028 2257 2181 2323 mihi
2227 2258 2520 2323 reuelare

389 2351 714 2417 uoluisti‘?'
807 2350 934 2430 Qui
998 2350 1353 2437 respondit:
1438 2349 1678 2415 ‘Timui
1753 2358 2016 2437 propter
2091 2348 2523 2413 reuerentiam

390 2452 588 2525 tuam,
637 2463 718 2505 ne
755 2440 922 2505 forte
965 2441 1234 2505 nimium
1280 2440 1781 2522 conturbareris3
1834 2449 1896 2503 et
1927 2448 2147 2502 tamen
2176 2435 2343 2501 hanc
2372 2458 2520 2500 con-

393 2530 768 2595 solationem
834 2530 1098 2612 habeas,
1171 2527 1339 2616 quod
1387 2530 1455 2594 in
1502 2528 1726 2594 diebus
1773 2529 1902 2592 tuis
1946 2527 2106 2591 haec
2152 2527 2350 2612 plaga
2394 2546 2524 2589 non

392 2621 846 2707 superueniet.’
939 2616 1084 2697 Qua
1148 2618 1495 2703 deuulgata
1558 2618 1805 2682 uisione
1870 2615 2336 2702 aliquantulum
2399 2613 2527 2678 loci

393 2709 653 2773 accolae
699 2709 918 2795 paucis
964 2708 1191 2773 diebus
1237 2709 1466 2773 timere
1512 2716 1576 2772 et
1622 2729 1693 2771 se
1737 2707 1911 2792 ipsos
1956 2705 2333 2769 intermissis
2371 2703 2525 2767 faci-

392 2798 656 2862 noribus
711 2799 1028 2883 castigare
1084 2806 1454 2883 coeperunt.
1548 2794 1794 2861 Verum
1840 2803 1985 2881 post
2033 2792 2279 2858 obitum
2324 2793 2527 2877 ipsius

396 2887 760 2952 abbatissae
817 2886 1146 2953 redierunt
1191 2885 1276 2950 ad
1321 2886 1623 2972 pristinas
1685 2882 1935 2965 sordes,
1997 2884 2196 2947 immo
2254 2881 2526 2945 scelera-

395 2978 566 3042 tiora
616 2977 926 3042 fecerunt.
1019 2974 1108 3039 Et
1163 2998 1308 3039 cum
1365 2972 1653 3039 dicerent
1700 2972 1861 3036 ‘Pax
1908 2981 1973 3037 et
2019 2970 2370 3053 securitas'‚
2422 2992 2530 3034 ex·

400 3064 625 3153 timplo
670 3066 1000 3152 praefatae
1046 3065 1305 3129 ultionis
1352 3073 1499 3128 sunt
1544 3084 1752 3148 poena
1796 3060 2071 3125 multati.

576 3153 758 3233 Quae
788 3153 947 3219 mihi
977 3163 1208 3219 cuncta
1237 3154 1330 3218 sic
1361 3174 1500 3217 esse
1530 3151 1703 3215 facta
1747 3150 2302 3213 reuerentissimus
2347 3167 2529 3209 meus

400 3245 887 3332 compresbyter
931 3240 1201 3327 Aedgils
1261 3240 1614 3323 referebat,
1676 3239 1786 3325 qui
1841 3248 1995 3304 tunc
2041 3240 2109 3303 in
2152 3237 2259 3301 illo
2304 3256 2525 3298 mona-

400 3335 592 3398 sterio
641 3332 938 3419 degebat.
1012 3331 1250 3397 Postea
1293 3340 1531 3414 autem,
1580 3326 2055 3394 discedentibus
2101 3325 2249 3390 inde
2295 3323 2374 3388 ob
2420 3322 2529 3387 de-

402 3423 777 3489 solationem
822 3422 1114 3509 plurimis
1160 3420 1530 3503 incolarum,
1582 3421 1645 3482 in
1691 3425 1905 3482 nostro
1954 3414 2344 3480 monasterio
2389 3412 2530 3498 plu-

402 3513 564 3578 rimo
610 3521 899 3599 tempore
946 3517 1365 3576 conuersatus
1396 3507 1766 3592 ibidemque
1797 3503 2137 3571 defunctus
2172 3512 2285 3567 est.
2349 3500 2533 3565 Haec

402 3600 545 3667 ideo
590 3610 846 3667 nostrae
875 3601 1178 3666 historiae
1208 3596 1549 3663 inserenda
1594 3592 1998 3673 credidimuS,
2046 3602 2119 3657 ut
2164 3591 2535 3657 admonere-

403 3713 548 3755 mus
592 3691 898 3756 lectorem
946 3711 1210 3775 operum
1257 3686 1517 3770 domini,
1565 3706 1756 3772 quam
1803 3683 2109 3748 terribilis
2148 3683 2215 3745 in
2255 3679 2535 3743 consiliis

405 3800 599 3864 super
643 3778 806 3844 filios
852 3778 1208 3863 hominum3
1257 3799 1338 3841 ne
1368 3776 1533 3840 forte
1565 3796 1680 3838 nos
1728 3782 2019 3858 tempore
2066 3771 2278 3855 aliquo
2326 3770 2533 3832 carnis

408 3866 747 3931 inlecebris
803 3869 1154 3933 seruientes
1213 3866 1548 3950 minusque
1594 3862 1696 3928 dei
1741 3861 2047 3926 iudicium
2093 3855 2530 3938 formidantes,
