2723 4326
425 189 551 253 154
2338 187 2436 240 111.
2474 186 2567 241 26.

426 374 490 429 et
551 367 906 451 inpetrasse
966 386 1006 428 a
1064 385 1222 450 rege
1270 360 1505 449 Osuiu,
1570 385 1646 428 eo
1706 365 1879 450 quod
1936 373 2107 429 esset
2164 362 2335 428 idem
2390 363 2565 429 Eata

423 475 587 517 unus
635 451 716 518 de
762 451 897 518 XII
941 454 1158 539 pueris
1203 451 1471 536 Aidani‚
1534 474 1695 538 quos
1741 455 1950 540 primo
2010 455 2416 540 episcopatus
2462 453 2566 516 sui

431 552 724 630 tempore
771 540 851 606 de
894 543 1156 607 natione
1201 540 1568 626 Anglorum
1614 540 1995 607 erudiendos
2040 544 2108 607 in
2155 538 2413 609 Christo
2458 565 2567 607 ac-

426 633 617 719 cepit.
709 630 981 695 Multum
1048 652 1327 716 namque
1398 631 1669 696 eundem
1742 632 2115 718 episcopum
2180 629 2566 697 Colmanum

427 743 546 785 rex
604 742 721 806 pro
780 721 975 784 insita
1032 719 1127 784 illi
1186 719 1530 806 prudentia
1591 719 1922 804 diligebat.
2013 720 2165 808 Ipse
2228 729 2326 784 est
2370 718 2565 803 Eata,

427 810 536 896 qui
589 831 720 873 non
777 810 977 874 multo
1037 817 1185 895 post
1245 806 1457 873 eidem
1515 809 1824 874 ecclesiae
1868 807 2387 874 Lindisfarnensi
2430 811 2569 896 epi-

429 920 657 984 scopus
718 898 926 962 factus
986 907 1102 962 est.
1216 896 1464 962 Abiens
1525 907 1739 963 autem
1800 897 2061 963 domum
2122 897 2392 963 Colman
2450 897 2564 962 ad·

428 987 656 1051 sumsit
702 1009 918 1051 secum
956 995 1206 1073 partem
1240 988 1479 1051 ossium
1522 988 2028 1052 reuerentissimi
2058 988 2263 1074 patris
2293 984 2565 1070 Aidani3

417 1085 676 1163 ‚partem
721 1097 876 1140 uero
921 1076 990 1138 in
1037 1077 1334 1159 ecclesia,
1400 1076 1503 1140 cui
1547 1085 1877 1162 praeerat,
1936 1076 2197 1162 reliquit
2240 1085 2307 1141 et
2350 1077 2419 1140 in
2466 1097 2566 1140 se—

427 1165 705 1230 cretario
753 1166 890 1229 eius
937 1164 1125 1229 condi
1169 1167 1518 1251 praecepit.

606 1251 902 1331 Quantae
935 1261 1150 1317 autem
1196 1254 1648 1340 parsimoniae,
1698 1255 1877 1318 cuius
1910 1254 2343 1318 continentiae
2371 1253 2575 1318 fuerit

428 1345 568 1428 ipse
625 1364 770 1406 cum
828 1340 1428 1428 praedecessoribus
1487 1343 1645 1427 suis,
1708 1342 2070 1407 testabatur
2130 1343 2325 1406 etiam
2382 1342 2569 1406 locus

430 1431 558 1514 ille,
605 1451 798 1515 quem
844 1429 1180 1514 regebant,
1227 1430 1340 1495 ubi
1372 1431 1756 1496 abeuntibus
1788 1433 1901 1516 eis,
1950 1438 2225 1517 excepta
2270 1431 2571 1514 ecclesia,

429 1521 855 1607 paucissimae
915 1519 1141 1584 domus
1197 1529 1494 1606 repertae
1553 1529 1728 1602 sunt,
1790 1519 1912 1584 hoc
1967 1529 2067 1584 est
2120 1520 2271 1584 illae
2329 1520 2570 1583 solum-

430 1608 649 1693 modo,
705 1611 842 1673 sine
886 1608 1120 1694 quibus
1167 1609 1570 1675 conuersatio
1616 1609 1822 1674 ciuilis
1870 1631 2011 1674 esse
2056 1607 2409 1673 nullatinus
2454 1630 2573 1693 po-

429 1707 616 1765 terat.
709 1695 822 1762 Nil
876 1699 1294 1783 pecuniarum
1339 1699 1585 1784 absque
1640 1699 1980 1784 pecoribus
2026 1696 2375 1762 habebant.
2470 1694 2575 1763 Si-

431 1785 585 1873 quid
631 1789 798 1851 enim
845 1788 1158 1872 pecuniae
1203 1810 1244 1852 a
1289 1787 1595 1852 diuitibus
1641 1787 2074 1874 accipiebant,
2130 1809 2284 1851 mox
2329 1807 2573 1872 paupe-

432 1876 610 1941 ribus
669 1873 930 1942 dabant.
1034 1874 1207 1940 Nam
1264 1897 1474 1961 neque
1532 1876 1617 1941 ad
1676 1877 2151 1963 susceptionem
2207 1876 2576 1962 potentium

433 1964 674 2029 saeculi
717 1964 826 2030 uel
868 1966 1176 2049 pecunias
1222 1963 1440 2050 colligi
1485 1965 1589 2029 uel
1621 1964 1845 2031 domus
1892 1965 2257 2051 praeuideri
2300 1985 2577 2030 necesse

432 2053 570 2137 fuit,
619 2055 728 2139 qui
773 2075 1125 2139 numquam
1172 2053 1256 2119 ad
1303 2054 1643 2119 ecclesiam
1690 2055 1813 2119 nisi
1860 2055 2164 2120 orationis
2210 2062 2463 2118 tantum
2506 2063 2577 2118 et

433 2140 732 2208 audiendi
775 2142 960 2208 uerbi
1005 2141 1112 2208 dei
1149 2166 1344 2209 causa
1389 2144 1755 2209 ueniebant.
1818 2143 1962 2210 Rex
1992 2146 2152 2232 ipse,
2202 2166 2347 2208 cum
2381 2163 2571 2229 opor-

435 2233 676 2297 tunitas
707 2233 1034 2316 exigisset,
1097 2254 1242 2297 cum
1274 2230 1335 2295 V
1368 2242 1617 2298 tantum
1649 2243 1762 2298 aut
1792 2230 1891 2296 VI
1922 2234 2233 2303 ministris
2262 2232 2579 2298 ueniebat

435 2332 500 2387 et
545 2321 804 2407 expleta
847 2321 916 2384 in
960 2319 1229 2386 ecclesia
1274 2324 1563 2389 oratione
1610 2320 2001 2387 discedebat.
2065 2319 2255 2401 Quod
2302 2324 2355 2386 si
2400 2321 2577 2386 forte

434 2433 541 2476 eos
581 2410 672 2475 ibi
711 2408 889 2474 refici
953 2411 1385 2496 contingeret,
1456 2412 1734 2497 simplici
1796 2420 2050 2475 tantum
2116 2419 2181 2475 et
2243 2410 2573 2475 cotidiano

432 2500 705 2564 fratrum
760 2497 902 2564 cibo
957 2501 1240 2563 contenti
1292 2501 1383 2564 nil
1436 2499 1608 2565 ultra
1661 2500 2071 2587 quaerebant.
2168 2498 2337 2564 Tota
2392 2500 2575 2564 enim

432 2588 554 2652 fuit
607 2597 761 2651 tunc
820 2586 1176 2653 sollicitudo
1239 2588 1609 2654 doctoribus
1669 2590 1791 2654 illis
1851 2587 1972 2654 deo
2032 2587 2378 2669 seruiendi,
2438 2608 2577 2653 non

437 2676 717 2760 saeculo;
782 2686 917 2741 tota
964 2698 1119 2741 cura
1166 2676 1376 2742 cordis
1425 2677 1788 2761 excolendi,
1848 2699 1975 2743 non
2022 2679 2286 2742 uentris.
2379 2675 2576 2741 Vnde

434 2775 500 2830 et
551 2766 618 2829 in
663 2786 903 2849 magna
935 2765 1236 2841 <erat>
1293 2768 1707 2832 ueneratione
1751 2777 2041 2852 tempore
2086 2766 2195 2830 illo
2241 2766 2576 2849 religionis

435 2853 721 2937 habitus3
776 2856 868 2919 ita
911 2864 1010 2940 ut,
1069 2856 1457 2942 ubicumque
1502 2855 1771 2921 clericus
1817 2854 2014 2941 aliqui
2060 2864 2172 2920 aut
2216 2853 2575 2921 monachus

436 2941 799 3027 adueniret,
861 2946 1219 3029 gaudenter
1276 2944 1358 3009 ab
1420 2946 1715 3011 omnibus
1773 2952 2083 3030 tanquam
2142 2944 2247 3009 dei
2291 2942 2576 3007 famulus

437 3033 860 3118 exciperetur.
922 3034 1141 3099 Etiam
1183 3036 1237 3099 si
1281 3036 1349 3098 in
1392 3035 1621 3099 itinere
1667 3054 1945 3121 pergens
1991 3034 2407 3117 inueniretur,
2456 3030 2571 3097 ad-

437 3121 782 3187 currebant
827 3131 892 3187 et
933 3122 1104 3187 flexa
1149 3124 1400 3188 ceruice
1446 3123 1550 3187 uel
1593 3144 1788 3188 manu
1833 3123 2078 3208 signari
2122 3122 2229 3187 uel
2258 3143 2372 3186 ore
2400 3120 2575 3185 illius

437 3234 506 3275 se
537 3210 830 3275 benedici
877 3209 1273 3296 gaudebant3
1319 3212 1539 3277 uerbis
1573 3232 1826 3298 quoque
1869 3211 2099 3275 horum
2143 3209 2577 3275 exhortatoris

438 3300 783 3385 diligenter
827 3300 1117 3365 auditum
1162 3300 1581 3387 praebebant.
1676 3299 1806 3367 Sed
1854 3310 1917 3364 et
1962 3299 2189 3365 diebus
2235 3298 2577 3364 dominicis

441 3388 524 3454 ad
571 3389 907 3454 ecclesiam
953 3391 1091 3454 siue
1138 3389 1221 3455 ad
1268 3392 1661 3455 monasteria
1706 3391 2019 3473 certatim,
2067 3410 2196 3453 non
2241 3386 2579 3453 reficiendi

439 3479 752 3564 corporis,
814 3478 928 3543 sed
986 3476 1290 3544 audiendi
1349 3480 1659 3543 sermonis
1718 3478 1824 3543 dei
1870 3478 2081 3562 gratia
2134 3476 2573 3542 confluebant:

441 3576 506 3631 et
552 3567 751 3652 siquis
797 3566 1202 3633 sacerdotum
1247 3569 1315 3631 in
1359 3569 1577 3632 uicum
1621 3568 1788 3632 forte
1833 3567 2186 3649 deueniret,
2233 3587 2386 3631 mox
2421 3588 2573 3630 con-

440 3656 695 3739 gregati
740 3659 806 3718 in
849 3678 1049 3741 unum
1111 3658 1323 3721 uicani
1388 3656 1665 3721 uerbum
1725 3658 1902 3721 uitae
1969 3655 2053 3720 ab
2099 3656 2206 3720 illo
2266 3664 2579 3742 expetere

441 3743 767 3808 curabant.
829 3744 1005 3809 Nam
1030 3754 1260 3831 neque
1305 3745 1430 3809 alia
1476 3746 1633 3830 ipsis
1681 3743 2120 3809 sacerdotibus
2169 3752 2279 3808 aut
2324 3744 2579 3808 clericis

439 3832 616 3895 uicos
675 3830 980 3916 adeundi,
1051 3856 1244 3920 quam
1304 3832 1749 3920 praedicandi,
1816 3832 2215 3920 baptizandi,
2285 3830 2580 3897 infirmos
