2723 4326
86 233 161 284 v.
207 232 305 284 21.
2131 232 2259 297 275

94 408 451 473 luminare
497 408 707 471 minus
740 408 805 469 in
837 406 1308 470 inchoationem
1353 402 1624 471 noctis“.
1690 403 1873 471 Sicut
1905 430 2061 493 ergo
2092 412 2268 496 prius

100 498 206 561 sol
242 519 289 561 a
342 494 562 560 medio
609 494 965 582 procedens
1014 496 1276 559 orientis
1322 497 1800 581 aequinoctium
1844 499 2106 563 uernale
2155 523 2268 564 suo

96 585 433 674 praefixit
479 594 736 668 exortu3
786 582 1017 649 deinde
1046 584 1215 668 luna,
1265 584 1401 649 sole
1433 582 1513 648 ad
1545 607 1884 671 uesperam
1917 586 2267 670 occidente,

101 687 172 741 et
225 678 387 761 ipsa
444 675 637 762 plena
683 696 722 737 a
768 672 976 738 medio
1039 684 1254 738 secuta
1314 682 1413 737 est
1471 676 1762 738 orientis:
1823 676 1916 738 ita
1975 678 2268 743 omnibus

100 768 305 830 annis
368 761 542 827 idem
596 763 842 849 primus
898 763 1087 826 lunae
1142 765 1379 827 mensis
1437 761 1662 827 eodem
1714 785 1974 829 necesse
2029 775 2126 829 est
2172 790 2267 831 or-

103 854 265 919 dine
322 854 595 934 seruari,
644 860 716 915 ut
760 844 887 916 non
932 860 1081 916 ante
1128 852 1624 937 aequinoctium,
1675 852 1785 917 sed
1829 852 1936 917 uel
1978 855 2119 940 ipso
2167 878 2270 920 ae-

106 943 444 1029 quinoctii
490 940 615 1022 die,
668 942 832 1005 sicut
877 943 942 1005 in
989 942 1302 1025 principio
1348 939 1595 1005 factum
1641 952 1756 1025 est,
1823 943 1928 1007 uel
1974 965 2050 1006 eo
2099 953 2270 1008 tran-

112 1054 363 1097 scenso
413 1029 833 1117 plenilunium
878 1030 1117 1095 habere
1170 1028 1420 1094 debeat.
1484 1028 1576 1093 At
1622 1033 1674 1094 si
1720 1052 1847 1095 uno
1893 1032 2121 1097 saltem
2169 1033 2272 1099 die

108 1121 579 1209 plenilunium·
626 1129 881 1205 tempus
950 1120 1337 1204 aequinoctii
1404 1121 1856 1205 praecesserit,
1920 1144 2047 1185 non
2103 1122 2270 1187 hanc

113 1213 339 1297 primo
390 1210 599 1273 mensi
648 1210 797 1272 anni
843 1209 1225 1293 incipientis,
1277 1206 1390 1273 sed
1421 1209 1647 1272 ultimo
1680 1210 1892 1295 potius
1939 1214 2270 1295 praeteriti

109 1303 346 1364 lunam
412 1320 553 1363 esse
614 1296 1131 1380 adscribendam3
1196 1306 1261 1361 et
1307 1296 1452 1361 ideo
1498 1298 1678 1361 festis
1724 1298 2132 1383 paschalibus
2178 1302 2269 1363 in-

115 1389 419 1454 habilem
465 1396 820 1451 memorata
863 1388 1029 1450 ratio
1075 1385 1323 1472 probat.

307 1474 528 1554 ‘Quod
576 1478 629 1540 si
681 1476 1022 1561 mysticam
1077 1497 1330 1560 quoque
1387 1497 1500 1539 uos
1546 1476 1612 1539 in
1657 1476 1755 1540 his
1802 1476 2117 1541 rationem
2163 1500 2273 1543 au-

119 1567 263 1633 dire
315 1565 621 1648 delectat,
668 1568 877 1651 primo
923 1586 1143 1629 mense
1190 1565 1359 1643 anni,
1412 1564 1522 1648 qui
1554 1565 1748 1628 etiam
1796 1568 2029 1630 mensis
2075 1588 2269 1631 nouo-

118 1681 267 1722 rum
320 1655 538 1720 dictus
572 1663 688 1737 est,
738 1654 975 1739 pascha
1021 1653 1235 1718 facere
1281 1653 1602 1733 iubemur3
1654 1653 1804 1738 quia
1849 1664 2156 1719 renouato
2189 1655 2272 1719 ad

122 1768 425 1811 amorem
498 1742 871 1808 caelestium
934 1744 1161 1828 spiritu
1224 1744 1458 1806 mentis
1517 1752 1800 1820 nostrae,
1871 1756 2274 1809 sacramenta

123 1834 498 1899 dominicae
558 1834 1041 1895 resurrectionis
1101 1840 1165 1895 et
1226 1832 1570 1917 ereptionis
1630 1840 1885 1895 nostrae
1945 1832 2274 1898 celebrare

126 1923 477 2007 debemus,
545 1924 740 1985 tertia
798 1921 1079 1986 eiusdem
1143 1922 1378 1983 mensis
1425 1920 1783 2005 septimana
1827 1921 2041 1986 facere
2085 1944 2269 2008 prae-

128 2016 446 2099 cipimur3
515 2012 667 2096 quia
724 2018 875 2075 ante
932 2009 1144 2093 legem
1194 2020 1258 2072 et
1304 2010 1423 2074 sub
1469 2009 1614 2091 lege
1673 2012 2024 2094 promissus
2081 2014 2272 2075 tertio

126 2112 433 2189 tempore
497 2100 736 2163 saeculi
794 2121 940 2163 cum
1002 2100 1213 2183 gratia
1272 2101 1452 2163 uenit
1497 2099 1663 2185 ipse,
1726 2101 1834 2184 qui
1879 2098 2117 2185 pascha
2161 2124 2271 2165 no-

130 2201 337 2256 strum
388 2190 834 2254 immolaretur
879 2187 1198 2254 Christus:
1265 2191 1415 2273 quia
1467 2189 1658 2252 tertia
1703 2199 1849 2273 post
1895 2189 2273 2253 immolatio-

129 2303 281 2344 nem
339 2301 499 2344 suae
555 2279 868 2364 passionis
914 2278 1017 2342 die
1072 2299 1418 2361 resurgens
1463 2299 1502 2340 a
1547 2278 1814 2340 mortuis
1860 2277 2025 2343 hanc
2072 2276 2270 2342 domi-

130 2372 347 2434 nicam
418 2370 641 2432 uocari
688 2378 753 2432 et
797 2369 864 2431 in
910 2389 987 2432 ea
1045 2389 1159 2430 nos
1219 2369 1550 2430 annuatim
1606 2364 1932 2452 paschalia
1991 2367 2276 2432 eiusdem

134 2457 627 2522 resurrectionis
672 2456 873 2520 uoluit
918 2457 1082 2520 festa
1128 2454 1484 2520 celebrare:
1535 2457 1684 2541 qu'ia
1728 2477 1843 2519 nos
1891 2478 2142 2542 quoque
2189 2459 2278 2521 ita

136 2548 341 2611 solum
390 2548 716 2610 ueraciter
761 2547 895 2609 eius
943 2542 1275 2609 sollemnia
1322 2544 1752 2629 celebramus,
1802 2546 1856 2608 si
1902 2567 2016 2630 per
2062 2543 2276 2629 fidem,

137 2659 320 2720 spem
354 2645 422 2700 et
454 2637 790 2700 caritatem
840 2633 1096 2721 pascha,
1145 2632 1209 2696 id
1242 2643 1339 2698 est
1369 2636 1730 2717 transitum,
1779 2631 1859 2698 de
1891 2634 2012 2697 hoc
2044 2633 2278 2698 mundo

143 2723 222 2788 ad
267 2733 549 2810 patrem,
600 2746 746 2788 cum
792 2723 901 2786 illo
948 2724 1163 2787 facere
1211 2745 1528 2788 curamus.
1607 2723 1763 2786 Post
1808 2725 2278 2808 aequinoctium

139 2816 329 2894 ueris,
363 2814 788 2900 plenilunium
822 2813 1058 2876 mensis
1088 2813 1522 2898 praecipimur
1553 2811 1901 2876 obseruare
1931 2811 2277 2898 paschalis3

142 2912 213 2964 ut
256 2903 569 2968 uidelicet
613 2903 821 2989 primo
854 2900 948 2965 sol
976 2901 1333 2984 longiorem
1368 2909 1555 2964 nocte
1587 2900 1782 2965 faciat
1813 2900 2001 2985 diem,
2051 2898 2282 2965 deinde
2316 2935 2326 2951 ι

144 2990 293 3054 luna
339 2992 604 3077 plenum
661 3013 813 3056 suae
869 2990 1030 3053 lucis
1091 2990 1314 3053 orbem
1373 2989 1613 3054 mundo
1674 2998 2069 3074 praesentet3
2133 2994 2284 3077 quia

145 3082 355 3162 primo
405 3081 667 3166 quidem
716 3079 809 3143 sol
853 3080 1160 3162 iustitiae,
1222 3080 1288 3142 in
1354 3079 1532 3142 cuius
1592 3080 1818 3163 pennis
1877 3087 1976 3142 est
2022 3081 2279 3162 sanitas,

148 3165 211 3230 id
255 3178 353 3233 est
407 3171 701 3234 dominus
747 3167 951 3251 IesUS,
997 3190 1116 3253 per
1158 3169 1644 3232 resurrectionis
1691 3189 1845 3231 suae
1889 3168 2282 3252 triumphum

152 3266 413 3322 cunctas
474 3259 699 3322 mortis
760 3257 1059 3322 tenebras
1126 3258 1484 3341 superauit:
1551 3279 1630 3333 ac
1675 3257 1768 3319 sic
1823 3255 2172 3321 ascendens
2219 3259 2284 3318 in

151 3347 379 3431 caelos,
428 3351 623 3411 misso
654 3347 931 3433 desuper
978 3346 1226 3432 spirita,
1276 3347 1613 3410 ecclesiam
1644 3368 1843 3428 suam,
1893 3366 2059 3431 quae
2091 3365 2285 3430 saepe

150 3431 339 3499 lunae
388 3436 701 3501 uocabulo
750 3436 1142 3519 designatur,
1189 3435 1480 3500 internae
1506 3436 1757 3519 gratiae
1801 3436 1944 3499 luce
1985 3435 2282 3520 repleuit.

155 3518 361 3598 Quem
409 3524 709 3590 uidelicet
756 3523 1044 3589 ordinem
1088 3533 1345 3588 nostrae
1391 3524 1613 3588 salutis
1660 3523 1976 3610 propheta
2007 3533 2284 3587 contem-

155 3610 361 3694 platus
394 3614 636 3692 aiebat:
677 3613 1026 3702 „Eleuatus
1047 3622 1145 3677 est
1163 3613 1279 3697 sol,
1314 3621 1378 3676 et
1395 3612 1548 3676 luna
1569 3614 1752 3676 stetit
1774 3615 1840 3677 in
1866 3610 2086 3680 ordine
2107 3609 2282 3677 su0.“

159 3695 267 3782 (cf.
292 3699 592 3768 Habacuc
613 3706 673 3787 3,
705 3705 815 3768 11:
867 3703 963 3768 sol
996 3711 1061 3766 et
1089 3703 1241 3766 luna
1272 3710 1590 3766 steterunt
1620 3703 1686 3766 i'n
1717 3701 2086 3766 habitaculo
2119 3699 2286 3785 suc.)

331 3789 480 3869 ‘Qui
530 3815 688 3878 ergo
742 3791 1205 3879 plenitudinem
1258 3791 1448 3854 lunae
1503 3789 1826 3877 paschalis
1879 3800 2030 3854 ante
2075 3793 2288 3876 aequi-

161 3879 440 3944 noctium
485 3883 825 3967 prouenire
857 3902 1043 3967 posse
1090 3880 1514 3958 contenderit,
1556 3879 1707 3944 talis
1736 3880 1802 3943 in
1831 3880 2286 3964 mysteriorum
