2723 4326
173 194 268 247 111.
309 194 537 249 20—21.
2187 194 2313 259 137

1195 512 1297 575 20.

173 670 277 737 vt,
319 668 616 724 defuncto
653 668 964 737 Honorio,
1001 668 1373 737 pontificatu
1414 668 1501 723 sit
1539 668 1791 724 functus
1826 670 2198 739 Deusdedit3
2248 672 2316 726 et

267 757 374 826 qul
414 757 696 827 tempore
734 756 850 813 illo
889 756 1306 814 Orientalium
1343 757 1709 827 Anglornm,
1751 759 1858 827 qni
1894 759 2223 816 Hrofensis

760 847 1062 903 ecclesiae
1100 847 1344 903 fuerint
1385 848 1733 904 antistites-

350 990 614 1057 Interea
671 989 972 1057 defuncto
1017 991 1238 1057 Felice
1287 989 1714 1059 Orientalium
1760 990 2122 1077 Anglorum
2180 995 2311 1080 epi-

174 1103 369 1167 scopo
416 1088 566 1167 post
602 1079 672 1143 X
705 1090 772 1145 et
801 1079 937 1145 VII
967 1102 1167 1145 annos
1213 1083 1469 1167 accepti
1515 1084 1940 1169 episcopatuo,
1988 1081 2317 1148 Honorius

171 1170 310 1235 loco
360 1172 498 1235 eius
547 1167 868 1235 ordinauit
917 1168 1239 1235 Thomam
1284 1169 1627 1236 diaconum
1675 1173 1811 1236 eius
1856 1171 1937 1237 de
1983 1173 2315 1257 prouincia

173 1256 605 1345 Gyruiorum:
669 1267 736 1324 et
779 1256 900 1323 hoc
947 1268 1094 1345 post
1141 1260 1423 1345 quinque
1482 1282 1683 1325 annos
1746 1262 1844 1325 sui
1906 1263 2313 1347 episcopatus

173 1346 253 1413 de
279 1348 408 1413 hac
441 1350 580 1413 uita
609 1347 938 1413 subtracto
969 1346 1429 1434 Berctgilsum,
1486 1352 1869 1436 cognomine
1894 1349 2311 1433 Bonifatium,

173 1436 252 1501 de
297 1437 636 1524 prouincia
682 1434 1196 1522 Cantuariorum,
1244 1437 1387 1503 loco
1435 1439 1569 1503 eius
1618 1438 1965 1507 substituit.
2040 1439 2130 1504 Et
2174 1439 2315 1526 ipse

174 1548 432 1612 quoque
462 1525 812 1610 Honorius,
860 1536 1203 1613 postquam
1249 1535 1457 1591 metas
1489 1528 1589 1591 sui
1632 1551 1855 1593 cursus
1901 1529 2189 1614 inpleuit,
2238 1551 2319 1593 ex

171 1614 293 1681 hac
339 1615 486 1679 luce
533 1616 842 1699 migrauit
889 1638 1056 1681 anno
1101 1615 1184 1679 ab
1229 1616 1671 1681 incarnatione
1718 1615 1963 1682 domini
2004 1616 2315 1699 DCLIII,

169 1704 381 1790 pridie
413 1702 862 1769 Kalendarum
896 1701 1309 1769 Octobrium:
1359 1714 1425 1769 et
1457 1715 1749 1770 cessante
1796 1707 2169 1792 episcopatu
2199 1728 2317 1792 per

171 1816 414 1859 annum
447 1802 513 1858 et
545 1814 662 1857 sex
691 1814 946 1859 menses
994 1792 1236 1859 electus
1269 1802 1367 1858 est
1418 1793 1939 1879 archiepiscopus
1973 1793 2316 1860 cathedrae

170 1883 688 1949 Doruuernensis
753 1891 972 1947 sextus
1017 1878 1375 1948 Deusdedit
1428 1880 1507 1947 de
1554 1892 1750 1967 gente
1800 1881 2314 1949 occidentalium

173 1969 538 2036 Saxonum:
603 1992 795 2056 quem
843 1968 1248 2036 ordinaturus
1292 1973 1474 2036 uenit
1518 1971 1669 2037 illuc
1715 1970 2001 2037 ithamar
2046 1974 2315 2039 antistes

174 2062 488 2128 ecclesiae
535 2058 903 2129 Hrofensis.
996 2058 1349 2126 Ordinatus
1399 2069 1497 2125 est
1540 2070 1760 2126 autem
1805 2058 1909 2125 die
1955 2061 2153 2127 VII¹¹²⁰
2184 2062 2316 2127 Ka-

171 2147 510 2216 lendarum
543 2147 867 2236 Aprilium
917 2157 983 2214 et
1028 2152 1197 2214 rexit
1243 2150 1583 2214 ecclesiam
1632 2173 1833 2214 annos
1865 2148 2093 2235 VHII,
2141 2174 2316 2217 men-

171 2261 272 2304 ses
321 2236 471 2304 ΠΙΙ
523 2246 588 2303 et
640 2238 798 2303 duos
847 2239 1015 2322 dies3
1065 2248 1130 2304 et
1193 2239 1368 2326 ipse,
1440 2239 1741 2304 defuncto
1786 2239 2105 2324 Ithamar‚
2172 2263 2316 2306 con·

174 2329 452 2394 secrauit
520 2349 640 2414 pro
703 2349 778 2392 eo
837 2327 1260 2412 Damianum‚
1329 2329 1438 2413 qui
1497 2328 1579 2393 de
1636 2351 1873 2413 genere
1918 2328 2317 2395 Australium

173 2415 510 2482 Saxonum
559 2425 698 2481 erat
744 2415 1065 2484 oriundus·

1192 2649 1296 2712 21.

220 2804 300 2860 vt
337 2803 673 2874 prouincia
707 2803 1312 2859 Mediterraneorum
1348 2804 1693 2872 Anglorum
1730 2806 1843 2861 snb
1881 2819 2031 2874 rege
2067 2805 2273 2862 Peatla

889 2891 1248 2948 Christiana
1267 2892 1375 2972 *sit
1411 2892 1603 2949 facta.

349 3036 476 3102 His
510 3037 906 3123 temporibus
923 3034 1357 3121 Middilangli‚
1392 3034 1456 3101 id
1490 3046 1589 3102 est
1610 3035 2071 3102 Mediterranei
2090 3038 2312 3123 Angli,

169 3126 290 3192 sub
349 3127 644 3212 principe
688 3125 908 3190 Peada
963 3123 1096 3189 filio
1165 3125 1434 3191 Pendan
1494 3127 1668 3210 regis
1736 3123 1929 3190 fidem
1987 3136 2050 3191 et
2105 3149 2314 3192 sacra-

169 3225 398 3280 menta
441 3217 732 3280 ueritatis
777 3223 1226 3301 perceperunt.
1291 3213 1421 3292 Qui
1458 3237 1603 3279 cum
1650 3223 1821 3279 esset
1864 3215 2113 3279 iuuenis
2146 3218 2313 3300 opti-

169 3327 316 3369 mus
363 3326 444 3367 ac
489 3306 664 3389 regis
709 3306 972 3370 nomine
1019 3327 1095 3368 ac
1141 3325 1420 3390 persona
1480 3302 1893 3386 dignissimus
1904 3353 1923 3386 ,
1987 3301 2313 3390 praelatus

173 3402 273 3457 est
319 3414 360 3457 a
406 3402 591 3478 patre
636 3415 842 3478 regno
888 3395 1098 3478 gentis
1147 3392 1340 3474 illius;
1391 3394 1699 3477 uenitque
1753 3392 1837 3456 ad
1890 3413 2116 3476 regem
2146 3389 2211 3454 N
2215 3415 2311 3456 or-

173 3480 730 3568 danhymbrorum
775 3478 1007 3561 OsuiU,
1080 3482 1411 3567 postulans
1470 3481 1670 3546 filiam
1730 3480 1867 3544 eius
1906 3477 2311 3546 Alehfledam

173 3571 296 3635 sibi
345 3572 692 3656 coniugem
727 3569 886 3635 dari.
947 3568 1180 3655 Neque
1204 3571 1409 3653 aliter,
1461 3569 1631 3654 quod
1652 3570 1937 3656 petebat,
1984 3571 2313 3656 inpetrare

173 3660 416 3744 potuit,
480 3660 607 3724 nisi
664 3658 860 3724 fidem
907 3657 1151 3723 Christi
1209 3680 1285 3722 ac
1331 3658 1653 3745 baptisma
1714 3678 1860 3723 cum
1921 3668 2143 3743 gente,
2210 3661 2311 3723 cui

173 3756 495 3834 praeerat,
543 3749 885 3833 acceperit.
948 3746 1041 3811 At
1081 3747 1188 3812 ille
1234 3745 1453 3812 audita
1496 3745 1975 3834 praedicatione
2018 3750 2311 3814 ueritatis

173 3846 242 3901 et
300 3836 723 3923 promissione
782 3837 969 3920 regni
1028 3835 1318 3902 caelestis
1380 3858 1623 3924 speque
1682 3839 2168 3903 resurrectionis
2232 3861 2309 3902 ac
