2723 4326
200 235 326 289 1111.
368 235 594 290 15-16,
2211 239 2335 303 191

201 436 242 478 a
287 413 500 499 patria
545 433 687 496 sua,
748 411 1074 477 interfecit
1117 433 1341 496 regem
1388 410 1770 477 Aedilualch
1815 435 1892 478 ac
1938 415 2337 500 prouinciam

201 501 377 567 illam
424 522 622 566 saeua
667 499 864 564 caede
911 523 987 565 ac
1033 500 1524 588 depopulatione
1571 503 1846 586 attriuit3
1898 502 2011 566 sed
2044 525 2195 568 mox
2228 527 2335 568 ex-

200 591 424 677 pulsus
472 598 570 655 est
617 611 656 652 a
702 588 969 654 ducibus
1014 593 1218 674 regis,
1281 589 1652 656 Bercthuno
1701 600 1767 655 et
1811 590 2164 677 Andhuno,
2230 595 2340 679 qui

202 681 508 765 deinceps
583 699 856 764 regnum
930 681 1302 766 prouinciae
1377 688 1749 744 tenuerunt:
1828 702 2097 765 quorum
2163 686 2344 769 prior

199 777 426 856 postea
469 767 553 832 ab
601 767 826 832 eodem
873 765 1251 850 and‘ualla,
1319 791 1463 832 cum
1511 777 1681 833 esset
1726 791 1843 834 rex
1892 767 2336 854 Geuissorum,

204 859 452 922 occisus
501 864 600 922 est
647 865 711 920 et
755 858 1087 943 prouincia
1145 859 1444 942 grauiore
1506 859 1768 922 seruitio
1830 858 2114 924 subacta.
2210 857 2341 924 Sed

204 955 272 1010 et
314 943 446 1028 Ini,
510 947 618 1030 qui
665 954 814 1031 post
861 943 1254 1011 Caeduallan
1299 947 1627 1031 regnauit,
1690 947 1881 1011 simili
1938 949 2339 1035 prouinciam
2454 987 2459 994 -

201 1035 378 1099 illam
443 1032 810 1099 adflictione
868 1034 1144 1122 plurimo
1205 1057 1517 1100 annorum
1571 1044 1865 1122 tempore
1923 1039 2338 1125 mancipauit.

203 1121 423 1202 Quare
482 1122 726 1187 factum
787 1123 913 1206 est,
977 1132 1048 1188 ut
1091 1133 1228 1189 toto
1275 1124 1383 1188 illo
1430 1134 1719 1210 tempore
1779 1127 2149 1212 episcopum
2195 1149 2337 1212 pro·

201 1214 416 1299 prium
483 1210 722 1276 habere
784 1215 1115 1298 nequiret3
1192 1212 1307 1278 sed
1370 1222 1672 1278 reuocato
1738 1213 1997 1279 domum
2060 1212 2343 1280 Vilfrido

201 1303 412 1388 primo
460 1322 574 1364 suo
622 1302 925 1385 antistite,
973 1303 1097 1388 ipsi
1145 1303 1445 1389 episcopo
1494 1300 1935 1387 Geuissorum,
1983 1303 2048 1368 id
2087 1314 2183 1368 est
2214 1302 2339 1369 Oc*

204 1388 618 1454 cidentalium
666 1386 1018 1474 Saxonum,
1077 1393 1184 1476 qui
1233 1400 1447 1456 essent
1493 1393 1558 1455 in
1604 1389 1821 1456 Venta
1864 1393 2146 1478 ciuitate,
2194 1394 2339 1458 sub·

201 1481 506 1545 iacerent.
761 1501 766 1506 ’

1141 1711 1222 1774 16
1272 1706 1426 1796 [14]-

204 1866 286 1923 Vt
321 1865 513 1922 Vecta
550 1865 758 1922 Insula
797 1863 1190 1922 Christianos
1243 1866 1482 1922 Incolas
1538 1866 1918 1936 susceperit,
1974 1867 2149 1923 cuius
2199 1869 2342 1936 regi

256 1955 375 2010 «luo
413 1954 595 2024 pueri
635 1954 851 2010 statIm
887 1955 1030 2025 post
1069 1955 1388 2023 acceptum
1423 1954 1731 2038 baptisma
1769 1954 1900 2010 sint
1936 1955 2283 2012 Interemti.

384 2098 738 2186 Postquam
795 2121 950 2185 ergo
1000 2097 1350 2165 Caedualla
1402 2120 1603 2185 regno
1658 2100 1901 2185 potitus
1958 2108 2053 2165 est
2102 2097 2333 2167 Greuis-

198 2211 436 2273 sorum,
486 2190 656 2276 cepit
688 2198 754 2253 et
782 2189 1057 2254 insulam
1087 2189 1384 2274 Vectam,
1434 2210 1598 2275 quae
1646 2197 1787 2253 erat
1815 2198 1955 2253 tota
1999 2188 2337 2256 idolatriae

195 2276 442 2363 dedita,
507 2300 584 2341 ac
641 2280 895 2362 tragica
955 2277 1154 2343 caede
1217 2300 1438 2343 omnes
1498 2276 1834 2361 indigenas
1900 2280 2333 2347 exterminare

197 2390 275 2432 ac
321 2388 474 2431 suae
517 2366 891 2453 prouinciae
935 2366 1224 2431 homines
1256 2389 1374 2454 pro
1404 2366 1504 2431 his
1550 2367 1936 2432 substituere
1986 2367 2331 2453 contendit,

195 2465 351 2521 uoto
385 2478 454 2520 se
485 2455 796 2541 obligans,
845 2458 1138 2541 quamuis
1184 2456 1458 2521 necdum
1504 2466 1948 2541 regeneratus,
1996 2466 2068 2521 ut
2098 2456 2336 2543 serunt,

196 2546 264 2609 in
297 2543 574 2628 Christo,
623 2546 793 2629 quia,
851 2547 904 2609 si
936 2547 1213 2631 cepisset
1242 2544 1539 2628 insulam,
1588 2555 1880 2629 quartam
1914 2557 2164 2632 partem
2200 2548 2336 2611 eius

197 2632 390 2699 simul
445 2645 509 2698 et
555 2632 833 2719 praedae
878 2632 1134 2699 domino
1182 2633 1384 2698 daret.
1449 2631 1638 2710 Quod
1671 2632 1763 2698 ita
1808 2635 2016 2719 soluit,
2066 2644 2137 2699 ut
2168 2634 2337 2700 hanc

107 2734 110 2737 ’
196 2720 475 2787 Vilfrido
548 2723 876 2809 episcope,
943 2725 1052 2808 qui
1117 2733 1273 2787 tunc
1334 2724 1501 2787 forte
1547 2721 1627 2787 de
1675 2732 1869 2807 gente
1938 2746 2054 2788 sua
2117 2746 2333 2811 super·

197 2812 460 2876 ueniens
505 2810 748 2894 aderat,
796 2811 1100 2892 utendam
1143 2833 1262 2899 pro
1311 2809 1568 2875 domino
1615 2812 1890 2877 offerret.
1954 2811 2077 2885 Est
2117 2824 2333 2878 autem

196 2922 495 2966 mensura
541 2899 828 2965 eiusdem
872 2899 1140 2979 insulae,
1185 2903 1367 2965 iuxta
1412 2902 1926 2966 aestimationem
1948 2900 2332 2988 Anglorum,

195 2987 373 3053 mille
433 2987 851 3054 ducentarum
910 2990 1317 3054 familiarum.
1412 2988 1600 3053 Vnde
1660 2988 1814 3054 data
1873 3000 1971 3054 est
2030 2993 2333 3080 episcopo

196 3078 515 3164 possessio
560 3086 774 3143 terrae
818 3087 1254 3145 trecentarum
1298 3077 1705 3143 familiarum.
1770 3076 1864 3143 At
1893 3079 2031 3164 ipse
2056 3090 2329 3166 partem,

197 3189 392 3254 quam
440 3168 719 3253 accepit,
781 3167 1256 3233 commendauit
1300 3166 1554 3232 cuidam
1603 3166 1682 3231 de
1730 3167 1977 3231 clericis
2022 3170 2179 3253 suia,
2229 3171 2331 3232 cui

195 3278 432 3321 nomen
464 3255 792 3340 Bernuini,
842 3265 908 3321 et
955 3265 1096 3321 erat
1139 3256 1306 3321 filius
1353 3256 1591 3322 sororis
1636 3256 1792 3339 eius,
1841 3255 1998 3320 dans
2030 3256 2123 3321 illi
2156 3278 2329 3342 pres·

194 3346 500 3430 byterum
531 3345 790 3409 nomine
819 3342 1106 3429 Hiddila,
1157 3346 1266 3431 qui
1299 3345 1612 3429 omnibus,
1663 3346 1773 3430 qui
1804 3344 2039 3410 saluari
2069 3345 2329 3430 uellent,

194 3433 467 3501 uerbum
515 3456 590 3498 ac
636 3434 963 3499 lauacrum
1011 3435 1184 3498 uitae
1228 3434 1642 3499 ministraret.

374 3522 505 3587 Vbi
552 3521 803 3587 silentio
860 3521 1404 3611 praetereundum
1448 3544 1575 3587 non
1623 3544 1762 3587 esse
1806 3544 1982 3607 reor,
2045 3520 2215 3609 quod
2262 3524 2330 3587 in

193 3612 516 3699 primitias
577 3633 797 3676 eorum
806 3662 826 3697 ,
887 3614 999 3699 qui
1045 3610 1123 3675 de
1171 3609 1395 3677 eadem
1455 3610 1663 3675 insula
1720 3610 2041 3676 credendo
2100 3612 2330 3676 saluati

195 3709 373 3787 sunt,
423 3700 549 3765 duo
595 3700 763 3784 regii
808 3702 1019 3787 pueri,
1075 3701 1310 3765 fratres
1354 3700 1658 3765 uidelicet
1702 3699 1971 3768 Arualdi
2016 3702 2192 3784 regis
2238 3702 2329 3766 in-

193 3791 392 3873 sulae,
445 3788 704 3876 speciali
735 3800 883 3854 sunt
915 3788 1019 3855 dei
1049 3790 1262 3874 gratia
1292 3790 1609 3854 coronati:
1658 3788 1974 3875 siquidem
2018 3791 2329 3855 inminen-

190 3880 368 3946 tibus
441 3878 688 3943 insulae
755 3877 1076 3963 hostibus,
1147 3879 1307 3965 fuga
1372 3879 1536 3965 lapsi
1582 3887 1731 3944 sunt
1776 3878 1857 3943 de
1901 3879 2109 3943 insula
2153 3888 2231 3945 et·
2263 3881 2329 3943 in
