2723 4326
409 210 493 273 62
2394 207 2461 258 ΙΙ.
2506 208 2553 260 1.

413 386 610 451 beant
675 384 1097 468 fragilitatem
1164 407 1459 472 pensare.
1553 381 1684 450 Sed
1743 393 1811 449 et
1880 384 2169 452 Omelias
2234 385 2558 469 euangelii

413 496 680 540 numero
727 472 855 538 XL
903 476 1289 560 composuit,
1357 497 1517 560 quas
1562 476 1628 539 in
1676 474 1925 539 duobus
1972 474 2299 539 codicibus
2346 495 2558 560 aequa

414 573 587 630 sorte
631 563 944 628 distinxit.
1038 563 1276 628 Libros
1338 565 1538 629 etiam
1581 563 2011 648 Dialogorum
2054 563 2201 628 IIII
2244 564 2427 647 fecit,
2490 565 2559 627 in

414 653 666 740 quibus,
712 663 945 735 rogatu
976 653 1158 718 Petri
1191 653 1445 717 diaconi
1477 654 1593 736 sui,
1641 655 1913 717 uirtutes
1956 663 2345 736 sanctorum,
2394 674 2558 738 quos

411 745 478 807 in
510 741 701 806 Italia
746 741 1048 806 clariores
1093 763 1281 806 nosse
1327 742 1432 806 uel
1478 739 1702 806 audire
1747 751 2023 830 poterat,
2072 741 2156 808 ad
2190 743 2559 829 exemplum

413 829 674 896 uiuendi
719 832 994 916 posteris
1043 831 1333 916 collegit:
1382 839 1482 915 ut,
1532 832 1698 896 sicut
1742 833 1809 896 in
1850 831 2032 896 libris
2081 833 2557 918 expositionum

415 942 704 1001 suarum,
767 920 999 1005 quibus
1045 921 1128 985 sit
1184 920 1537 984 uirtutibus
1597 917 2051 1003 insudandum,
2118 919 2399 1003 edocuit,
2463 921 2561 984 ita

415 1011 613 1074 etiam
659 1007 998 1096 descriptis
1044 1019 1416 1074 sanctorum
1462 1009 1818 1095 miraculis,
1880 1032 2046 1096 quae
2089 1011 2402 1074 uirtutum
2450 1031 2557 1074 ea-

413 1098 709 1164 rumdem
753 1098 837 1161 sit
884 1098 1162 1183 claritas,
1212 1097 1597 1163 ostenderet.
1666 1099 1953 1164 Primam
2000 1121 2256 1185 quoque
2302 1108 2367 1163 et
2409 1097 2560 1162 ulti-

414 1210 589 1253 mam
633 1186 991 1252 Ezechielis
1037 1185 1395 1274 prophetae
1456 1196 1736 1274 partem,
1800 1210 1965 1274 quae
2010 1186 2401 1253 uidebantur
2447 1186 2561 1251 ob·

417 1277 759 1358 scuriores,
827 1298 943 1362 per
1005 1275 1302 1340 homilias
1361 1277 1594 1361 uiginti
1653 1285 1719 1341 et
1779 1276 1965 1360 duas,
2029 1288 2340 1362 quantum
2393 1276 2561 1340 lucis

417 1368 590 1430 intus
636 1362 937 1449 habeant,
987 1363 1475 1430 demonstrauit.
1568 1364 1863 1452 Excepto
1908 1366 2125 1432 libello
2172 1365 2561 1453 Responsio-

418 1477 599 1538 num,
669 1475 860 1538 quem
930 1451 1012 1519 ad
1075 1457 1615 1538 interrogationes
1686 1457 1894 1520 sancti
1953 1454 2307 1540 Augustini
2364 1455 2563 1540 primi

417 1542 778 1627 Anglorum
826 1545 1040 1628 gentis
1088 1545 1375 1631 episcopi
1421 1545 1696 1630 scripsit,
1745 1552 1819 1608 ut
1855 1553 1919 1609 et
1964 1566 2159 1631 supra
2204 1543 2560 1627 docuimus,

416 1641 625 1697 totum
645 1633 856 1717 ipsum
876 1632 1166 1697 libellum
1191 1631 1290 1697 his
1314 1635 1673 1698 inserentes
1697 1633 2005 1717 historiis3
2053 1633 2271 1698 libello
2302 1653 2562 1719 quoque

421 1719 747 1806 synodice,
797 1742 992 1807 quem
1033 1743 1180 1787 cum
1221 1723 1540 1809 episcopis
1570 1722 1803 1788 Italiae
1832 1720 1913 1787 de
1942 1725 2321 1788 necessariis
2352 1721 2559 1788 eccle-

420 1812 555 1875 siae
603 1811 810 1874 causis
855 1811 1202 1876 utillimum
1247 1813 1625 1898 composuit,
1674 1821 1739 1876 et
1783 1810 2205 1877 familiaribus
2250 1811 2333 1876 ad
2368 1832 2559 1897 quos·

421 1897 571 1964 dam
615 1899 863 1964 litteris.
930 1898 1120 1978 Quod
1166 1923 1244 1966 eo
1289 1902 1499 1986 magis
1544 1902 1781 1964 mirum
1826 1909 1925 1966 est
1960 1910 2058 1965 tot
2092 1923 2239 1966 eum
2270 1923 2347 1966 ac
2376 1908 2566 1964 tanta

422 1985 697 2052 condere
755 1988 1085 2054 uolumina
1138 1991 1449 2077 potuisse,
1518 1987 1691 2076 quod
1750 1991 1926 2056 omni
1982 2012 2149 2076 pene
2207 1990 2563 2054 iuuentutis

423 2099 575 2142 suae
618 2086 940 2163 tempore,
1002 2087 1075 2142 ut
1121 2078 1336 2143 uerbis
1384 2079 1585 2165 ipsius
1631 2079 1885 2165 loquar,
1948 2080 2191 2144 crebris
2236 2080 2565 2143 uiscerum

422 2167 748 2233 doloribus
795 2169 1224 2251 cruciabatur,
1273 2168 1453 2232 horis
1497 2170 1967 2254 momentisque
2014 2169 2308 2234 omnibus
2354 2170 2569 2233 fracta

424 2256 738 2321 stomachi
781 2259 1024 2321 uirtute
1069 2256 1491 2341 lassescebat,
1558 2258 1749 2322 lentis
1810 2257 2098 2343 quidem,
2170 2257 2286 2323 sed
2341 2266 2569 2322 tamen

425 2346 740 2410 continuis
800 2345 1089 2411 febribus
1150 2345 1513 2411 anhelabat.
1608 2346 1855 2411 Verum
1916 2348 2085 2412 inter
2143 2346 2333 2430 haec,
2406 2346 2568 2410 dum

426 2434 732 2499 sollicitus
801 2445 1134 2521 pensaret,
1213 2436 1365 2521 quia
1431 2436 1749 2522 scriptura
1813 2445 1983 2501 teste
2052 2434 2269 2521 (Hebr.
2324 2437 2427 2517 12,
2454 2434 2564 2521 6):

426 2521 678 2588 ‘Omnis
722 2520 918 2608 filius,
969 2526 1080 2610 qui
1123 2525 1459 2609 recipitur,
1508 2523 1915 2609 flagellatur’3
1974 2546 2099 2611 quo
2147 2526 2331 2590 malis
2376 2546 2569 2610 prae·

425 2613 708 2678 sentibus
787 2612 1007 2677 durius
1089 2611 1607 2699 deprimebatur,
1687 2634 1763 2677 eo
1833 2613 1914 2678 de
1984 2623 2248 2679 aeterna
2325 2614 2569 2678 certius

423 2702 898 2787 praesumtione
944 2701 1324 2789 respirabat.

601 2789 790 2854 Haec
842 2790 1103 2876 quidem
1159 2789 1240 2856 de
1284 2790 1637 2855 immortali
1694 2792 1829 2855 eius
1888 2792 2016 2856 sint
2061 2791 2236 2856 dicta
2279 2792 2568 2875 ingenio,

426 2878 598 2963 quod
650 2900 771 2943 nec
824 2888 1007 2944 tanto
1064 2882 1352 2967 corporis
1409 2882 1620 2967 potuit
1680 2877 1899 2944 dolore
1957 2881 2294 2965 restingui.
2387 2878 2571 2944 Nam

424 2966 534 3030 alii
581 2966 839 3053 quidem
886 2968 1224 3054 pontifices
1283 2966 1725 3034 construendis
1780 2968 2209 3055 ornandisque
2253 2989 2411 3033 auro
2458 2968 2571 3033 uel

427 3066 695 3140 argento
754 3057 1036 3123 ecclesiis
1093 3079 1353 3145 operam
1412 3056 1680 3142 dabant,
1742 3056 1848 3122 hic
1901 3067 2119 3123 autem
2170 3066 2346 3123 totus
2408 3078 2570 3141 erga

425 3146 782 3210 animarum
824 3146 1006 3211 lucra
1047 3147 1343 3213 uacabat.

604 3233 928 3322 Quicquid
973 3238 1285 3322 pecuniae
1330 3235 1672 3319 habuerat,
1727 3234 1983 3300 sedulus
2028 3233 2149 3301 hoc
2193 3234 2573 3321 dispergere

427 3346 503 3388 ac
550 3322 703 3388 dare
757 3324 1149 3412 pauperibus
1203 3325 1501 3407 curabat,
1571 3333 1643 3387 ut
1686 3324 1933 3389 iustitia
1978 3326 2115 3390 eius
2160 3332 2454 3389 maneret
2499 3325 2571 3387 in

427 3413 752 3477 saeculum
799 3415 1038 3479 saeculi
1084 3423 1149 3477 et
1195 3436 1393 3478 cornu
1440 3414 1575 3477 eius
1623 3412 2019 3478 exaltaretur
2062 3416 2131 3477 in
2176 3414 2411 3499 gloria3
2471 3414 2571 3477 ita

426 3510 498 3565 ut
528 3500 683 3566 illud
714 3501 888 3567 beati
920 3502 1040 3568 Iob
1079 3505 1404 3568 ueraciter
1434 3501 1645 3567 dicere
1676 3512 1892 3588 posset
1920 3501 2060 3585 (Iob
2092 3504 2198 3583 29,
2243 3502 2567 3583 11—17):

430 3588 647 3654 ‘Auris
701 3590 967 3656 audiens
1023 3591 1434 3657 beatificabat
1480 3613 1587 3655 me
1633 3600 1697 3654 et
1744 3592 1963 3656 oculus
1996 3590 2223 3656 uidens
2272 3591 2567 3655 testimo-

427 3679 606 3742 nium
667 3679 980 3746 reddebat
1043 3681 1229 3763 mihi,
1303 3678 1475 3767 quod
1538 3679 1916 3745 liberassem
1984 3702 2337 3767 pauperem
2396 3682 2571 3743 uoci-

428 3766 745 3832 ferantem
793 3778 857 3833 et
899 3770 1235 3857 pupillum,
1283 3771 1387 3835 cui
1430 3790 1557 3835 non
1606 3778 1775 3834 esset
1821 3769 2093 3835 adiutor.
2184 3767 2571 3834 Benedictio

429 3857 701 3943 perituri
743 3879 933 3945 super
963 3882 1068 3923 me
1111 3860 1413 3924 ueniebat
1460 3869 1525 3924 et
1569 3880 1682 3923 cor
1725 3858 1960 3925 uiduae
2007 3857 2369 3924 consolatus
2400 3878 2567 3923 sum.
