<?xml version="1.0" encoding="UTF-8"?>
<!DOCTYPE html PUBLIC "-//W3C//DTD XHTML 1.0 Transitional//EN"
    "http://www.w3.org/TR/xhtml1/DTD/xhtml1-transitional.dtd">
<html xmlns="http://www.w3.org/1999/xhtml" xml:lang="en" lang="en">
 <head>
  <title>
</title>
<meta http-equiv="Content-Type" content="text/html;charset=utf-8" />
  <meta name='ocr-system' content='tesseract 3.04.00' />
  <meta name='ocr-capabilities' content='ocr_page ocr_carea ocr_par ocr_line ocrx_word'/>
</head>
<body>
  <div class='ocr_page' id='page_1' title='image "./historiaecclesi00venegoog_0202.png"; bbox 0 0 2723 4326; ppageno 0'>
   <div class='ocr_carea' id='block_1_1' title="bbox 397 215 2533 281">
    <p class='ocr_par' dir='ltr' id='par_1_1' title="bbox 397 215 2533 281">
     <span class='ocr_line' id='line_1_1' title="bbox 397 215 2533 281; baseline -0.006 0"><span class='ocrx_word' id='word_1_1' title='bbox 397 218 523 281; x_wconf 87' lang='grc'><strong>190</strong></span> <span class='ocrx_word' id='word_1_2' title='bbox 2134 217 2258 268; x_wconf 85' lang='lat'><strong>1111.</strong></span> <span class='ocrx_word' id='word_1_3' title='bbox 2303 215 2533 272; x_wconf 84' lang='lat'><strong>14—15.</strong></span> 
     </span>
    </p>
   </div>
   <div class='ocr_carea' id='block_1_2' title="bbox 387 393 2589 3128">
    <p class='ocr_par' dir='ltr' id='par_1_2' title="bbox 391 393 2533 548">
     <span class='ocr_line' id='line_1_2' title="bbox 391 393 2533 482; baseline 0 -26"><span class='ocrx_word' id='word_1_4' title='bbox 391 393 556 457; x_wconf 89' lang='lat' dir='ltr'><strong>ficiis</strong></span> <span class='ocrx_word' id='word_1_5' title='bbox 604 393 1004 480; x_wconf 86' lang='lat' dir='ltr'><strong>caelestibus,</strong></span> <span class='ocrx_word' id='word_1_6' title='bbox 1056 405 1119 459; x_wconf 91' lang='lat' dir='ltr'><strong>et</strong></span> <span class='ocrx_word' id='word_1_7' title='bbox 1150 397 1242 459; x_wconf 91' lang='lat' dir='ltr'><strong>ita</strong></span> <span class='ocrx_word' id='word_1_8' title='bbox 1287 396 1491 460; x_wconf 89' lang='lat' dir='ltr'><strong>soluto</strong></span> <span class='ocrx_word' id='word_1_9' title='bbox 1538 396 1775 460; x_wconf 91' lang='lat' dir='ltr'><strong>ieiunio</strong></span> <span class='ocrx_word' id='word_1_10' title='bbox 1824 417 2051 482; x_wconf 89' lang='lat' dir='ltr'><strong>corpus</strong></span> <span class='ocrx_word' id='word_1_11' title='bbox 2097 416 2350 480; x_wconf 90' lang='lat' dir='ltr'><strong>quoque</strong></span> <span class='ocrx_word' id='word_1_12' title='bbox 2399 395 2533 457; x_wconf 89' lang='lat' dir='ltr'><strong>suis</strong></span> 
     </span>
     <span class='ocr_line' id='line_1_3' title="bbox 391 482 1092 548; baseline 0.003 -2"><span class='ocrx_word' id='word_1_13' title='bbox 391 482 686 547; x_wconf 88' lang='lat' dir='ltr'><strong>reficiant</strong></span> <span class='ocrx_word' id='word_1_14' title='bbox 729 482 1092 548; x_wconf 89' lang='lat' dir='ltr'><strong>alimentis.’</strong></span> 
     </span>
    </p>

    <p class='ocr_par' dir='ltr' id='par_1_3' title="bbox 390 570 2537 2081">
     <span class='ocr_line' id='line_1_4' title="bbox 571 570 2534 658; baseline 0 -24"><span class='ocrx_word' id='word_1_15' title='bbox 571 570 756 649; x_wconf 82' lang='lat' dir='ltr'>Quae</span> <span class='ocrx_word' id='word_1_16' title='bbox 788 596 932 638; x_wconf 86' lang='lat' dir='ltr'><strong>cum</strong></span> <span class='ocrx_word' id='word_1_17' title='bbox 966 575 1182 637; x_wconf 85' lang='lat' dir='ltr'><strong>omnia</strong></span> <span class='ocrx_word' id='word_1_18' title='bbox 1221 581 1451 636; x_wconf 91' lang='lat' dir='ltr'><strong>uocato</strong></span> <span class='ocrx_word' id='word_1_19' title='bbox 1482 570 1565 636; x_wconf 88' lang='lat' dir='ltr'><strong>ad</strong></span> <span class='ocrx_word' id='word_1_20' title='bbox 1599 593 1667 636; x_wconf 89' lang='lat' dir='ltr'><strong>se</strong></span> <span class='ocrx_word' id='word_1_21' title='bbox 1698 573 2074 658; x_wconf 86' lang='lat' dir='ltr'><strong>presbytero</strong></span> <span class='ocrx_word' id='word_1_22' title='bbox 2119 594 2284 658; x_wconf 92' lang='lat' dir='ltr'><strong>puer</strong></span> <span class='ocrx_word' id='word_1_23' title='bbox 2328 571 2534 635; x_wconf 86' lang='lat' dir='ltr'><strong>uerba</strong></span> 
     </span>
     <span class='ocr_line' id='line_1_5' title="bbox 393 659 2533 747; baseline -0 -23"><span class='ocrx_word' id='word_1_24' title='bbox 393 669 740 744; x_wconf 77' lang='lat' dir='ltr'><strong>narrasset,</strong></span> <span class='ocrx_word' id='word_1_25' title='bbox 788 663 1214 746; x_wconf 87' lang='lat' dir='ltr'><strong>interrogauit</strong></span> <span class='ocrx_word' id='word_1_26' title='bbox 1245 683 1393 726; x_wconf 90' lang='lat' dir='ltr'><strong>eum</strong></span> <span class='ocrx_word' id='word_1_27' title='bbox 1426 661 1753 743; x_wconf 88' lang='lat' dir='ltr'><strong>sollicitus,</strong></span> <span class='ocrx_word' id='word_1_28' title='bbox 1803 662 2025 747; x_wconf 90' lang='lat' dir='ltr'><strong>quales</strong></span> <span class='ocrx_word' id='word_1_29' title='bbox 2056 671 2271 726; x_wconf 81' lang='lat' dir='ltr'><strong>essent</strong></span> <span class='ocrx_word' id='word_1_30' title='bbox 2302 659 2533 724; x_wconf 86' lang='lat' dir='ltr'><strong>habitu</strong></span> 
     </span>
     <span class='ocr_line' id='line_1_6' title="bbox 393 749 2531 837; baseline -0 -24"><span class='ocrx_word' id='word_1_31' title='bbox 393 749 499 814; x_wconf 90' lang='lat' dir='ltr'><strong>uel</strong></span> <span class='ocrx_word' id='word_1_32' title='bbox 546 752 760 836; x_wconf 90' lang='lat' dir='ltr'><strong>specie</strong></span> <span class='ocrx_word' id='word_1_33' title='bbox 805 752 948 834; x_wconf 89' lang='lat' dir='ltr'><strong>uiri,</strong></span> <span class='ocrx_word' id='word_1_34' title='bbox 999 751 1109 836; x_wconf 90' lang='lat' dir='ltr'><strong>qui</strong></span> <span class='ocrx_word' id='word_1_35' title='bbox 1155 750 1278 814; x_wconf 92' lang='lat' dir='ltr'><strong>sibi</strong></span> <span class='ocrx_word' id='word_1_36' title='bbox 1322 751 1788 836; x_wconf 81' lang='lat' dir='ltr'><strong>apparuissent.</strong></span> <span class='ocrx_word' id='word_1_37' title='bbox 1881 750 2264 837; x_wconf 86' lang='lat' dir='ltr'><strong>Respondit:</strong></span> <span class='ocrx_word' id='word_1_38' title='bbox 2316 750 2531 814; x_wconf 87' lang='lat' dir='ltr'><strong>‘Prae-</strong></span> 
     </span>
     <span class='ocr_line' id='line_1_7' title="bbox 395 836 2531 924; baseline -0.001 -21"><span class='ocrx_word' id='word_1_39' title='bbox 395 839 552 903; x_wconf 88' lang='lat' dir='ltr'><strong>clari</strong></span> <span class='ocrx_word' id='word_1_40' title='bbox 612 840 866 904; x_wconf 91' lang='lat' dir='ltr'><strong>omnino</strong></span> <span class='ocrx_word' id='word_1_41' title='bbox 926 840 1182 904; x_wconf 87' lang='lat' dir='ltr'><strong>habitus</strong></span> <span class='ocrx_word' id='word_1_42' title='bbox 1229 848 1296 904; x_wconf 89' lang='lat' dir='ltr'><strong>et</strong></span> <span class='ocrx_word' id='word_1_43' title='bbox 1341 839 1557 902; x_wconf 90' lang='lat' dir='ltr'><strong>uultus</strong></span> <span class='ocrx_word' id='word_1_44' title='bbox 1618 849 1829 923; x_wconf 86' lang='lat' dir='ltr'><strong>erant,</strong></span> <span class='ocrx_word' id='word_1_45' title='bbox 1890 838 2224 904; x_wconf 83' lang='lat' dir='ltr'><strong>laetissimi</strong></span> <span class='ocrx_word' id='word_1_46' title='bbox 2268 860 2347 903; x_wconf 87' lang='lat' dir='ltr'><strong>ac</strong></span> <span class='ocrx_word' id='word_1_47' title='bbox 2391 836 2531 924; x_wconf 91' lang='lat' dir='ltr'><strong>pul-</strong></span> 
     </span>
     <span class='ocr_line' id='line_1_8' title="bbox 396 926 2537 1015; baseline -0 -24"><span class='ocrx_word' id='word_1_48' title='bbox 396 926 722 1012; x_wconf 89' lang='lat' dir='ltr'><strong>cherrimi,</strong></span> <span class='ocrx_word' id='word_1_49' title='bbox 789 929 1009 1014; x_wconf 90' lang='lat' dir='ltr'><strong>quales</strong></span> <span class='ocrx_word' id='word_1_50' title='bbox 1055 947 1407 1014; x_wconf 89' lang='lat' dir='ltr'><strong>numquam</strong></span> <span class='ocrx_word' id='word_1_51' title='bbox 1452 938 1601 992; x_wconf 86' lang='lat' dir='ltr'><strong>ante</strong></span> <span class='ocrx_word' id='word_1_52' title='bbox 1646 928 1964 1012; x_wconf 87' lang='lat' dir='ltr'><strong>uideram,</strong></span> <span class='ocrx_word' id='word_1_53' title='bbox 2030 950 2238 1015; x_wconf 85' lang='lat' dir='ltr'><strong>neque</strong></span> <span class='ocrx_word' id='word_1_54' title='bbox 2284 927 2537 1012; x_wconf 87' lang='lat' dir='ltr'><strong>aliquos</strong></span> 
     </span>
     <span class='ocr_line' id='line_1_9' title="bbox 392 1015 2529 1103; baseline -0.001 -23"><span class='ocrx_word' id='word_1_55' title='bbox 392 1015 720 1080; x_wconf 91' lang='lat' dir='ltr'><strong>hominum</strong></span> <span class='ocrx_word' id='word_1_56' title='bbox 767 1020 929 1081; x_wconf 83' lang='lat' dir='ltr'><strong>tanti</strong></span> <span class='ocrx_word' id='word_1_57' title='bbox 978 1017 1223 1082; x_wconf 90' lang='lat' dir='ltr'><strong>decoris</strong></span> <span class='ocrx_word' id='word_1_58' title='bbox 1253 1040 1332 1082; x_wconf 87' lang='lat' dir='ltr'><strong>ac</strong></span> <span class='ocrx_word' id='word_1_59' title='bbox 1364 1019 1718 1081; x_wconf 88' lang='lat' dir='ltr'><strong>uenustatis</strong></span> <span class='ocrx_word' id='word_1_60' title='bbox 1752 1039 1891 1082; x_wconf 86' lang='lat' dir='ltr'><strong>esse</strong></span> <span class='ocrx_word' id='word_1_61' title='bbox 1928 1039 2117 1103; x_wconf 86' lang='lat' dir='ltr'><strong>posse</strong></span> <span class='ocrx_word' id='word_1_62' title='bbox 2162 1016 2529 1082; x_wconf 82' lang='lat' dir='ltr'><strong>credebam.</strong></span> 
     </span>
     <span class='ocr_line' id='line_1_10' title="bbox 392 1104 2534 1191; baseline 0 -23"><span class='ocrx_word' id='word_1_63' title='bbox 392 1104 576 1169; x_wconf 84' lang='lat' dir='ltr'><strong>Vnus</strong></span> <span class='ocrx_word' id='word_1_64' title='bbox 646 1105 907 1191; x_wconf 90' lang='lat' dir='ltr'><strong>quidem</strong></span> <span class='ocrx_word' id='word_1_65' title='bbox 975 1117 1266 1171; x_wconf 85' lang='lat' dir='ltr'><strong>attonsus</strong></span> <span class='ocrx_word' id='word_1_66' title='bbox 1329 1115 1495 1190; x_wconf 89' lang='lat' dir='ltr'><strong>erat,</strong></span> <span class='ocrx_word' id='word_1_67' title='bbox 1565 1115 1636 1170; x_wconf 91' lang='lat' dir='ltr'><strong>ut</strong></span> <span class='ocrx_word' id='word_1_68' title='bbox 1685 1105 1979 1188; x_wconf 89' lang='lat' dir='ltr'><strong>clericus,</strong></span> <span class='ocrx_word' id='word_1_69' title='bbox 2048 1106 2210 1170; x_wconf 89' lang='lat' dir='ltr'><strong>alius</strong></span> <span class='ocrx_word' id='word_1_70' title='bbox 2258 1104 2534 1170; x_wconf 89' lang='lat' dir='ltr'><strong>barbam</strong></span> 
     </span>
     <span class='ocr_line' id='line_1_11' title="bbox 394 1194 2528 1281; baseline -0.001 -23"><span class='ocrx_word' id='word_1_71' title='bbox 394 1194 678 1258; x_wconf 87' lang='lat' dir='ltr'><strong>habebat</strong></span> <span class='ocrx_word' id='word_1_72' title='bbox 722 1195 1068 1280; x_wconf 86' lang='lat' dir='ltr'><strong>prolixam:</strong></span> <span class='ocrx_word' id='word_1_73' title='bbox 1118 1195 1565 1281; x_wconf 82' lang='lat' dir='ltr'><strong>dicebantque,</strong></span> <span class='ocrx_word' id='word_1_74' title='bbox 1614 1195 1783 1280; x_wconf 89' lang='lat' dir='ltr'><strong>quod</strong></span> <span class='ocrx_word' id='word_1_75' title='bbox 1821 1217 1985 1260; x_wconf 91' lang='lat' dir='ltr'><strong>unus</strong></span> <span class='ocrx_word' id='word_1_76' title='bbox 2016 1217 2238 1260; x_wconf 87' lang='lat' dir='ltr'><strong>eorum</strong></span> <span class='ocrx_word' id='word_1_77' title='bbox 2269 1194 2528 1277; x_wconf 80' lang='lat' dir='ltr'><strong>Petrus,</strong></span> 
     </span>
     <span class='ocr_line' id='line_1_12' title="bbox 393 1282 2534 1371; baseline -0.001 -23"><span class='ocrx_word' id='word_1_78' title='bbox 393 1283 556 1348; x_wconf 90' lang='lat' dir='ltr'><strong>alius</strong></span> <span class='ocrx_word' id='word_1_79' title='bbox 604 1292 945 1348; x_wconf 89' lang='lat' dir='ltr'><strong>uocaretur</strong></span> <span class='ocrx_word' id='word_1_80' title='bbox 989 1284 1253 1349; x_wconf 85' lang='lat' dir='ltr'><strong>Paulus:</strong></span> <span class='ocrx_word' id='word_1_81' title='bbox 1317 1293 1382 1348; x_wconf 89' lang='lat' dir='ltr'><strong>et</strong></span> <span class='ocrx_word' id='word_1_82' title='bbox 1427 1285 1550 1371; x_wconf 89' lang='lat' dir='ltr'><strong>ipsi</strong></span> <span class='ocrx_word' id='word_1_83' title='bbox 1598 1293 1813 1348; x_wconf 89' lang='lat' dir='ltr'><strong>essent</strong></span> <span class='ocrx_word' id='word_1_84' title='bbox 1855 1285 2130 1348; x_wconf 90' lang='lat' dir='ltr'><strong>ministri</strong></span> <span class='ocrx_word' id='word_1_85' title='bbox 2176 1282 2417 1347; x_wconf 90' lang='lat' dir='ltr'><strong>domini</strong></span> <span class='ocrx_word' id='word_1_86' title='bbox 2464 1292 2534 1346; x_wconf 90' lang='lat' dir='ltr'><strong>et</strong></span> 
     </span>
     <span class='ocr_line' id='line_1_13' title="bbox 393 1370 2529 1455; baseline -0.001 -19"><span class='ocrx_word' id='word_1_87' title='bbox 393 1372 732 1436; x_wconf 90' lang='lat' dir='ltr'><strong>saluatoris</strong></span> <span class='ocrx_word' id='word_1_88' title='bbox 778 1375 980 1437; x_wconf 86' lang='lat' dir='ltr'><strong>nostri</strong></span> <span class='ocrx_word' id='word_1_89' title='bbox 1024 1373 1175 1438; x_wconf 90' lang='lat' dir='ltr'><strong>Iesu</strong></span> <span class='ocrx_word' id='word_1_90' title='bbox 1223 1370 1467 1438; x_wconf 84' lang='lat' dir='ltr'><strong>Christi</strong></span> <span class='ocrx_word' id='word_1_91' title='bbox 1481 1399 1511 1455; x_wconf 88' lang='lat'><strong>,·</strong></span> <span class='ocrx_word' id='word_1_92' title='bbox 1550 1372 1631 1436; x_wconf 90' lang='lat' dir='ltr'><strong>ad</strong></span> <span class='ocrx_word' id='word_1_93' title='bbox 1675 1374 2013 1438; x_wconf 85' lang='lat' dir='ltr'><strong>tuitionem</strong></span> <span class='ocrx_word' id='word_1_94' title='bbox 2060 1375 2262 1437; x_wconf 86' lang='lat' dir='ltr'><strong>nostri</strong></span> <span class='ocrx_word' id='word_1_95' title='bbox 2306 1393 2529 1436; x_wconf 85' lang='lat' dir='ltr'><strong>mona-</strong></span> 
     </span>
     <span class='ocr_line' id='line_1_14' title="bbox 393 1460 2533 1549; baseline 0 -25"><span class='ocrx_word' id='word_1_96' title='bbox 393 1461 573 1524; x_wconf 89' lang='lat' dir='ltr'><strong>sterii</strong></span> <span class='ocrx_word' id='word_1_97' title='bbox 617 1462 796 1526; x_wconf 89' lang='lat' dir='ltr'><strong>missi</strong></span> <span class='ocrx_word' id='word_1_98' title='bbox 835 1463 1088 1549; x_wconf 85' lang='lat' dir='ltr'><strong>abipso</strong></span> <span class='ocrx_word' id='word_1_99' title='bbox 1122 1462 1201 1526; x_wconf 89' lang='lat' dir='ltr'><strong>de</strong></span> <span class='ocrx_word' id='word_1_100' title='bbox 1232 1461 1467 1527; x_wconf 61' lang='lat' dir='ltr'><strong>caelis!</strong></span> <span class='ocrx_word' id='word_1_101' title='bbox 1534 1460 1827 1526; x_wconf 85' lang='lat' dir='ltr'><strong>Credidit</strong></span> <span class='ocrx_word' id='word_1_102' title='bbox 1874 1484 2032 1547; x_wconf 85' lang='lat' dir='ltr'><strong>ergo</strong></span> <span class='ocrx_word' id='word_1_103' title='bbox 2078 1462 2295 1526; x_wconf 90' lang='lat' dir='ltr'><strong>uerbis</strong></span> <span class='ocrx_word' id='word_1_104' title='bbox 2340 1462 2533 1548; x_wconf 89' lang='lat' dir='ltr'><strong>pueri</strong></span> 
     </span>
     <span class='ocr_line' id='line_1_15' title="bbox 393 1550 2529 1636; baseline 0 -24"><span class='ocrx_word' id='word_1_105' title='bbox 393 1550 765 1635; x_wconf 81' lang='lat' dir='ltr'><strong>presbyter,</strong></span> <span class='ocrx_word' id='word_1_106' title='bbox 827 1574 904 1615; x_wconf 89' lang='lat' dir='ltr'><strong>ac</strong></span> <span class='ocrx_word' id='word_1_107' title='bbox 967 1553 1181 1615; x_wconf 89' lang='lat' dir='ltr'><strong>statim</strong></span> <span class='ocrx_word' id='word_1_108' title='bbox 1243 1572 1541 1634; x_wconf 87' lang='lat' dir='ltr'><strong>egressus</strong></span> <span class='ocrx_word' id='word_1_109' title='bbox 1600 1552 1937 1636; x_wconf 87' lang='lat' dir='ltr'><strong>requisiuit</strong></span> <span class='ocrx_word' id='word_1_110' title='bbox 1982 1553 2051 1615; x_wconf 89' lang='lat' dir='ltr'><strong>in</strong></span> <span class='ocrx_word' id='word_1_111' title='bbox 2096 1551 2322 1614; x_wconf 88' lang='lat' dir='ltr'><strong>annale</strong></span> <span class='ocrx_word' id='word_1_112' title='bbox 2387 1571 2529 1632; x_wconf 82' lang='lat' dir='ltr'><strong>sue,</strong></span> 
     </span>
     <span class='ocr_line' id='line_1_16' title="bbox 395 1637 2533 1726; baseline -0.001 -22"><span class='ocrx_word' id='word_1_113' title='bbox 395 1647 461 1704; x_wconf 89' lang='lat' dir='ltr'><strong>et</strong></span> <span class='ocrx_word' id='word_1_114' title='bbox 506 1641 753 1704; x_wconf 90' lang='lat' dir='ltr'><strong>inuenit</strong></span> <span class='ocrx_word' id='word_1_115' title='bbox 799 1638 1023 1705; x_wconf 84' lang='lat' dir='ltr'><strong>eadem</strong></span> <span class='ocrx_word' id='word_1_116' title='bbox 1080 1641 1223 1726; x_wconf 86' lang='lat' dir='ltr'><strong>ipsa</strong></span> <span class='ocrx_word' id='word_1_117' title='bbox 1275 1639 1382 1704; x_wconf 91' lang='lat' dir='ltr'><strong>die</strong></span> <span class='ocrx_word' id='word_1_118' title='bbox 1433 1637 1788 1704; x_wconf 87' lang='lat' dir='ltr'><strong>Osualdum</strong></span> <span class='ocrx_word' id='word_1_119' title='bbox 1846 1661 2072 1724; x_wconf 87' lang='lat' dir='ltr'><strong>regem</strong></span> <span class='ocrx_word' id='word_1_120' title='bbox 2130 1639 2325 1703; x_wconf 83' lang='lat' dir='ltr'><strong>fuisse</strong></span> <span class='ocrx_word' id='word_1_121' title='bbox 2381 1661 2533 1724; x_wconf 91' lang='lat' dir='ltr'><strong>per·</strong></span> 
     </span>
     <span class='ocr_line' id='line_1_17' title="bbox 394 1727 2533 1816; baseline -0 -24"><span class='ocrx_word' id='word_1_122' title='bbox 394 1736 666 1792; x_wconf 87' lang='lat' dir='ltr'><strong>emtum:</strong></span> <span class='ocrx_word' id='word_1_123' title='bbox 737 1730 1113 1814; x_wconf 90' lang='lat' dir='ltr'><strong>uocatisque</strong></span> <span class='ocrx_word' id='word_1_124' title='bbox 1171 1728 1507 1812; x_wconf 88' lang='lat' dir='ltr'><strong>fratribus,</strong></span> <span class='ocrx_word' id='word_1_125' title='bbox 1580 1730 1800 1814; x_wconf 88' lang='lat' dir='ltr'><strong>parari</strong></span> <span class='ocrx_word' id='word_1_126' title='bbox 1857 1727 2227 1816; x_wconf 89' lang='lat' dir='ltr'><strong>prandium,</strong></span> <span class='ocrx_word' id='word_1_127' title='bbox 2295 1729 2533 1792; x_wconf 88' lang='lat' dir='ltr'><strong>missas</strong></span> 
     </span>
     <span class='ocr_line' id='line_1_18' title="bbox 390 1815 2529 1904; baseline 0 -25"><span class='ocrx_word' id='word_1_128' title='bbox 390 1815 529 1880; x_wconf 89' lang='lat' dir='ltr'><strong>fieri</strong></span> <span class='ocrx_word' id='word_1_129' title='bbox 589 1826 784 1904; x_wconf 88' lang='lat' dir='ltr'><strong>atque</strong></span> <span class='ocrx_word' id='word_1_130' title='bbox 846 1839 1068 1883; x_wconf 91' lang='lat' dir='ltr'><strong>omnes</strong></span> <span class='ocrx_word' id='word_1_131' title='bbox 1137 1818 1609 1882; x_wconf 87' lang='lat' dir='ltr'><strong>communicare</strong></span> <span class='ocrx_word' id='word_1_132' title='bbox 1670 1837 1851 1882; x_wconf 90' lang='lat' dir='ltr'><strong>more</strong></span> <span class='ocrx_word' id='word_1_133' title='bbox 1918 1818 2103 1882; x_wconf 89' lang='lat' dir='ltr'><strong>solito</strong></span> <span class='ocrx_word' id='word_1_134' title='bbox 2167 1818 2529 1904; x_wconf 87' lang='lat' dir='ltr'><strong>praecepit:</strong></span> 
     </span>
     <span class='ocr_line' id='line_1_19' title="bbox 391 1903 2531 1993; baseline 0.002 -25"><span class='ocrx_word' id='word_1_135' title='bbox 391 1905 581 1969; x_wconf 89' lang='lat' dir='ltr'><strong>simul</strong></span> <span class='ocrx_word' id='word_1_136' title='bbox 628 1915 693 1969; x_wconf 90' lang='lat' dir='ltr'><strong>et</strong></span> <span class='ocrx_word' id='word_1_137' title='bbox 738 1903 1089 1971; x_wconf 88' lang='lat' dir='ltr'><strong>infirmanti</strong></span> <span class='ocrx_word' id='word_1_138' title='bbox 1144 1928 1343 1993; x_wconf 88' lang='lat' dir='ltr'><strong>puero</strong></span> <span class='ocrx_word' id='word_1_139' title='bbox 1391 1905 1471 1970; x_wconf 89' lang='lat' dir='ltr'><strong>de</strong></span> <span class='ocrx_word' id='word_1_140' title='bbox 1518 1904 1745 1970; x_wconf 92' lang='lat' dir='ltr'><strong>eodem</strong></span> <span class='ocrx_word' id='word_1_141' title='bbox 1801 1907 2113 1972; x_wconf 88' lang='lat' dir='ltr'><strong>sacrificio</strong></span> <span class='ocrx_word' id='word_1_142' title='bbox 2167 1907 2531 1972; x_wconf 80' lang='lat' dir='ltr'><strong>dominicae</strong></span> 
     </span>
     <span class='ocr_line' id='line_1_20' title="bbox 393 1993 1836 2081; baseline 0.002 -25"><span class='ocrx_word' id='word_1_143' title='bbox 393 1993 732 2058; x_wconf 89' lang='lat' dir='ltr'><strong>oblationis</strong></span> <span class='ocrx_word' id='word_1_144' title='bbox 777 1995 1155 2081; x_wconf 87' lang='lat' dir='ltr'><strong>particulam</strong></span> <span class='ocrx_word' id='word_1_145' title='bbox 1204 1994 1441 2060; x_wconf 89' lang='lat' dir='ltr'><strong>deferri</strong></span> <span class='ocrx_word' id='word_1_146' title='bbox 1487 1993 1836 2060; x_wconf 88' lang='lat' dir='ltr'><strong>mandauit.</strong></span> 
     </span>
    </p>

    <p class='ocr_par' dir='ltr' id='par_1_4' title="bbox 387 2079 2589 3128">
     <span class='ocr_line' id='line_1_21' title="bbox 570 2079 2529 2171; baseline 0.001 -25"><span class='ocrx_word' id='word_1_147' title='bbox 570 2079 816 2159; x_wconf 85' lang='lat' dir='ltr'><strong>Quibus</strong></span> <span class='ocrx_word' id='word_1_148' title='bbox 860 2085 954 2148; x_wconf 87' lang='lat' dir='ltr'><strong>ita</strong></span> <span class='ocrx_word' id='word_1_149' title='bbox 998 2085 1226 2169; x_wconf 85' lang='lat' dir='ltr'><strong>gestis,</strong></span> <span class='ocrx_word' id='word_1_150' title='bbox 1285 2105 1413 2148; x_wconf 90' lang='lat' dir='ltr'><strong>non</strong></span> <span class='ocrx_word' id='word_1_151' title='bbox 1474 2083 1675 2148; x_wconf 87' lang='lat' dir='ltr'><strong>multo</strong></span> <span class='ocrx_word' id='word_1_152' title='bbox 1735 2093 1884 2171; x_wconf 88' lang='lat' dir='ltr'><strong>post</strong></span> <span class='ocrx_word' id='word_1_153' title='bbox 1942 2085 2163 2150; x_wconf 84' lang='lat' dir='ltr'><strong>eadem</strong></span> <span class='ocrx_word' id='word_1_154' title='bbox 2224 2084 2365 2171; x_wconf 87' lang='lat' dir='ltr'><strong>ipsa</strong></span> <span class='ocrx_word' id='word_1_155' title='bbox 2418 2081 2529 2148; x_wconf 89' lang='lat' dir='ltr'><strong>die</strong></span> 
     </span>
     <span class='ocr_line' id='line_1_22' title="bbox 389 2172 2531 2261; baseline 0.003 -28"><span class='ocrx_word' id='word_1_156' title='bbox 389 2192 550 2257; x_wconf 88' lang='lat' dir='ltr'><strong>puer</strong></span> <span class='ocrx_word' id='word_1_157' title='bbox 611 2172 946 2238; x_wconf 85' lang='lat' dir='ltr'><strong>defunctus</strong></span> <span class='ocrx_word' id='word_1_158' title='bbox 1017 2182 1114 2239; x_wconf 87' lang='lat' dir='ltr'><strong>est</strong></span> <span class='ocrx_word' id='word_1_159' title='bbox 1184 2195 1427 2259; x_wconf 88' lang='lat' dir='ltr'><strong>suaque</strong></span> <span class='ocrx_word' id='word_1_160' title='bbox 1486 2184 1695 2239; x_wconf 89' lang='lat' dir='ltr'><strong>morte</strong></span> <span class='ocrx_word' id='word_1_161' title='bbox 1753 2173 2055 2261; x_wconf 91' lang='lat' dir='ltr'><strong>probauit</strong></span> <span class='ocrx_word' id='word_1_162' title='bbox 2112 2194 2268 2237; x_wconf 90' lang='lat' dir='ltr'><strong>uera</strong></span> <span class='ocrx_word' id='word_1_163' title='bbox 2324 2173 2531 2239; x_wconf 88' lang='lat' dir='ltr'><strong>fuisse</strong></span> 
     </span>
     <span class='ocr_line' id='line_1_23' title="bbox 389 2260 2529 2350; baseline 0.002 -27"><span class='ocrx_word' id='word_1_164' title='bbox 389 2260 618 2344; x_wconf 87' lang='lat' dir='ltr'><strong>uerba,</strong></span> <span class='ocrx_word' id='word_1_165' title='bbox 682 2284 848 2348; x_wconf 90' lang='lat' dir='ltr'><strong>quae</strong></span> <span class='ocrx_word' id='word_1_166' title='bbox 907 2262 990 2327; x_wconf 90' lang='lat' dir='ltr'><strong>ab</strong></span> <span class='ocrx_word' id='word_1_167' title='bbox 1049 2263 1350 2350; x_wconf 88' lang='lat' dir='ltr'><strong>apostolis</strong></span> <span class='ocrx_word' id='word_1_168' title='bbox 1407 2260 1649 2327; x_wconf 80' lang='lat' dir='ltr'><strong>Christi</strong></span> <span class='ocrx_word' id='word_1_169' title='bbox 1708 2262 2020 2327; x_wconf 86' lang='lat' dir='ltr'><strong>audierat.</strong></span> <span class='ocrx_word' id='word_1_170' title='bbox 2114 2260 2243 2329; x_wconf 82' lang='lat' dir='ltr'><strong>Sed</strong></span> <span class='ocrx_word' id='word_1_171' title='bbox 2291 2270 2356 2326; x_wconf 89' lang='lat' dir='ltr'><strong>et</strong></span> <span class='ocrx_word' id='word_1_172' title='bbox 2399 2260 2529 2327; x_wconf 89' lang='lat' dir='ltr'><strong>hoc</strong></span> 
     </span>
     <span class='ocr_line' id='line_1_24' title="bbox 391 2349 2529 2438; baseline 0.001 -26"><span class='ocrx_word' id='word_1_173' title='bbox 391 2351 526 2413; x_wconf 86' lang='lat' dir='ltr'><strong>eius</strong></span> <span class='ocrx_word' id='word_1_174' title='bbox 591 2352 806 2415; x_wconf 90' lang='lat' dir='ltr'><strong>uerbis</strong></span> <span class='ocrx_word' id='word_1_175' title='bbox 870 2353 1306 2417; x_wconf 86' lang='lat' dir='ltr'><strong>testimonium</strong></span> <span class='ocrx_word' id='word_1_176' title='bbox 1371 2350 1723 2438; x_wconf 88' lang='lat' dir='ltr'><strong>perhibuit,</strong></span> <span class='ocrx_word' id='word_1_177' title='bbox 1791 2349 1961 2437; x_wconf 85' lang='lat' dir='ltr'><strong>quod</strong></span> <span class='ocrx_word' id='word_1_178' title='bbox 2018 2373 2207 2416; x_wconf 92' lang='lat' dir='ltr'><strong>nemo</strong></span> <span class='ocrx_word' id='word_1_179' title='bbox 2263 2359 2529 2438; x_wconf 87' lang='lat' dir='ltr'><strong>praeter</strong></span> 
     </span>
     <span class='ocr_line' id='line_1_25' title="bbox 388 2439 2529 2526; baseline 0.002 -25"><span class='ocrx_word' id='word_1_180' title='bbox 388 2439 599 2524; x_wconf 90' lang='lat' dir='ltr'><strong>ipsum</strong></span> <span class='ocrx_word' id='word_1_181' title='bbox 658 2449 953 2526; x_wconf 87' lang='lat' dir='ltr'><strong>tempore</strong></span> <span class='ocrx_word' id='word_1_182' title='bbox 1010 2440 1119 2504; x_wconf 88' lang='lat' dir='ltr'><strong>illo</strong></span> <span class='ocrx_word' id='word_1_183' title='bbox 1176 2463 1257 2505; x_wconf 88' lang='lat' dir='ltr'><strong>ex</strong></span> <span class='ocrx_word' id='word_1_184' title='bbox 1303 2441 1528 2506; x_wconf 90' lang='lat' dir='ltr'><strong>eodem</strong></span> <span class='ocrx_word' id='word_1_185' title='bbox 1578 2450 1677 2505; x_wconf 90' lang='lat' dir='ltr'><strong>est</strong></span> <span class='ocrx_word' id='word_1_186' title='bbox 1722 2442 2112 2505; x_wconf 85' lang='lat' dir='ltr'><strong>monasterio</strong></span> <span class='ocrx_word' id='word_1_187' title='bbox 2172 2449 2393 2525; x_wconf 86' lang='lat' dir='ltr'><strong>raptus</strong></span> <span class='ocrx_word' id='word_1_188' title='bbox 2440 2441 2529 2505; x_wconf 89' lang='lat' dir='ltr'><strong>de</strong></span> 
     </span>
     <span class='ocr_line' id='line_1_26' title="bbox 387 2526 2530 2616; baseline 0.002 -26"><span class='ocrx_word' id='word_1_189' title='bbox 387 2526 646 2593; x_wconf 91' lang='lat' dir='ltr'><strong>mundo.</strong></span> <span class='ocrx_word' id='word_1_190' title='bbox 723 2529 830 2594; x_wconf 88' lang='lat' dir='ltr'><strong>Ex</strong></span> <span class='ocrx_word' id='word_1_191' title='bbox 876 2551 1002 2614; x_wconf 90' lang='lat' dir='ltr'><strong>qua</strong></span> <span class='ocrx_word' id='word_1_192' title='bbox 1045 2531 1347 2593; x_wconf 88' lang='lat' dir='ltr'><strong>nimirum</strong></span> <span class='ocrx_word' id='word_1_193' title='bbox 1395 2530 1641 2595; x_wconf 89' lang='lat' dir='ltr'><strong>uisione</strong></span> <span class='ocrx_word' id='word_1_194' title='bbox 1689 2530 1895 2613; x_wconf 88' lang='lat' dir='ltr'><strong>multi,</strong></span> <span class='ocrx_word' id='word_1_195' title='bbox 1944 2530 2053 2616; x_wconf 91' lang='lat' dir='ltr'><strong>qui</strong></span> <span class='ocrx_word' id='word_1_196' title='bbox 2097 2530 2256 2593; x_wconf 88' lang='lat' dir='ltr'><strong>haec</strong></span> <span class='ocrx_word' id='word_1_197' title='bbox 2301 2526 2530 2595; x_wconf 90' lang='lat' dir='ltr'><strong>audire</strong></span> 
     </span>
     <span class='ocr_line' id='line_1_27' title="bbox 387 2616 2529 2703; baseline 0.001 -23"><span class='ocrx_word' id='word_1_198' title='bbox 387 2625 755 2703; x_wconf 88' lang='lat' dir='ltr'><strong>potuerunt,</strong></span> <span class='ocrx_word' id='word_1_199' title='bbox 798 2628 862 2683; x_wconf 92' lang='lat' dir='ltr'><strong>et</strong></span> <span class='ocrx_word' id='word_1_200' title='bbox 881 2616 961 2681; x_wconf 91' lang='lat' dir='ltr'><strong>ad</strong></span> <span class='ocrx_word' id='word_1_201' title='bbox 982 2617 1370 2683; x_wconf 84' lang='lat' dir='ltr'><strong>exorandam</strong></span> <span class='ocrx_word' id='word_1_202' title='bbox 1402 2620 1467 2682; x_wconf 90' lang='lat' dir='ltr'><strong>in</strong></span> <span class='ocrx_word' id='word_1_203' title='bbox 1498 2617 1789 2683; x_wconf 86' lang='lat' dir='ltr'><strong>aduersis</strong></span> <span class='ocrx_word' id='word_1_204' title='bbox 1812 2617 2094 2683; x_wconf 90' lang='lat' dir='ltr'><strong>diuinam</strong></span> <span class='ocrx_word' id='word_1_205' title='bbox 2115 2618 2529 2683; x_wconf 89' lang='lat' dir='ltr'><strong>clementiam</strong></span> 
     </span>
     <span class='ocr_line' id='line_1_28' title="bbox 389 2705 2531 2775; baseline 0.001 -6"><span class='ocrx_word' id='word_1_206' title='bbox 389 2714 454 2769; x_wconf 91' lang='lat' dir='ltr'><strong>et</strong></span> <span class='ocrx_word' id='word_1_207' title='bbox 472 2705 556 2771; x_wconf 89' lang='lat' dir='ltr'><strong>ad</strong></span> <span class='ocrx_word' id='word_1_208' title='bbox 578 2707 882 2775; x_wconf 85' lang='lat' dir='ltr'><strong>salutaria</strong></span> <span class='ocrx_word' id='word_1_209' title='bbox 901 2709 1279 2773; x_wconf 88' lang='lat' dir='ltr'><strong>ieiuniorum</strong></span> <span class='ocrx_word' id='word_1_210' title='bbox 1293 2706 1581 2771; x_wconf 88' lang='lat' dir='ltr'><strong>remedia</strong></span> <span class='ocrx_word' id='word_1_211' title='bbox 1610 2706 1939 2772; x_wconf 89' lang='lat' dir='ltr'><strong>subeunda</strong></span> <span class='ocrx_word' id='word_1_212' title='bbox 1970 2715 2115 2771; x_wconf 90' lang='lat' dir='ltr'><strong>sunt</strong></span> <span class='ocrx_word' id='word_1_213' title='bbox 2144 2706 2531 2772; x_wconf 88' lang='lat' dir='ltr'><strong>mirabiliter</strong></span> 
     </span>
     <span class='ocr_line' id='line_1_29' title="bbox 389 2795 2529 2882; baseline 0.002 -25"><span class='ocrx_word' id='word_1_214' title='bbox 389 2797 675 2859; x_wconf 87' lang='lat' dir='ltr'><strong>accensi:</strong></span> <span class='ocrx_word' id='word_1_215' title='bbox 737 2805 802 2861; x_wconf 89' lang='lat' dir='ltr'><strong>et</strong></span> <span class='ocrx_word' id='word_1_216' title='bbox 853 2820 934 2862; x_wconf 88' lang='lat' dir='ltr'><strong>ex</strong></span> <span class='ocrx_word' id='word_1_217' title='bbox 983 2819 1058 2860; x_wconf 89' lang='lat' dir='ltr'><strong>eo</strong></span> <span class='ocrx_word' id='word_1_218' title='bbox 1117 2806 1408 2882; x_wconf 90' lang='lat' dir='ltr'><strong>tempore</strong></span> <span class='ocrx_word' id='word_1_219' title='bbox 1464 2818 1593 2859; x_wconf 93' lang='lat' dir='ltr'><strong>non</strong></span> <span class='ocrx_word' id='word_1_220' title='bbox 1654 2796 1858 2860; x_wconf 90' lang='lat' dir='ltr'><strong>solum</strong></span> <span class='ocrx_word' id='word_1_221' title='bbox 1905 2798 1972 2859; x_wconf 89' lang='lat' dir='ltr'><strong>in</strong></span> <span class='ocrx_word' id='word_1_222' title='bbox 2020 2795 2245 2861; x_wconf 90' lang='lat' dir='ltr'><strong>eodem</strong></span> <span class='ocrx_word' id='word_1_223' title='bbox 2304 2818 2529 2861; x_wconf 87' lang='lat' dir='ltr'><strong>mona-</strong></span> 
     </span>
     <span class='ocr_line' id='line_1_30' title="bbox 389 2884 2589 2972; baseline 0.001 -26"><span class='ocrx_word' id='word_1_224' title='bbox 389 2884 581 2949; x_wconf 86' lang='lat' dir='ltr'><strong>sterio</strong></span> <span class='ocrx_word' id='word_1_225' title='bbox 591 2933 609 2967; x_wconf 91' lang='lat'><strong>,</strong></span> <span class='ocrx_word' id='word_1_226' title='bbox 681 2884 794 2949; x_wconf 87' lang='lat' dir='ltr'><strong>sed</strong></span> <span class='ocrx_word' id='word_1_227' title='bbox 853 2895 920 2950; x_wconf 89' lang='lat' dir='ltr'><strong>et</strong></span> <span class='ocrx_word' id='word_1_228' title='bbox 974 2886 1042 2949; x_wconf 92' lang='lat' dir='ltr'><strong>in</strong></span> <span class='ocrx_word' id='word_1_229' title='bbox 1095 2886 1421 2971; x_wconf 88' lang='lat' dir='ltr'><strong>plerisque</strong></span> <span class='ocrx_word' id='word_1_230' title='bbox 1485 2884 1642 2949; x_wconf 88' lang='lat' dir='ltr'><strong>locis</strong></span> <span class='ocrx_word' id='word_1_231' title='bbox 1702 2885 1843 2949; x_wconf 88' lang='lat' dir='ltr'><strong>aliis</strong></span> <span class='ocrx_word' id='word_1_232' title='bbox 1914 2886 2125 2972; x_wconf 90' lang='lat' dir='ltr'><strong>coepit</strong></span> <span class='ocrx_word' id='word_1_233' title='bbox 2193 2886 2529 2949; x_wconf 88' lang='lat' dir='ltr'><strong>annuatim</strong></span> <span class='ocrx_word' id='word_1_234' title='bbox 2568 2894 2589 2916; x_wconf 76' lang='lat'><strong>⁹</strong></span> 
     </span>
     <span class='ocr_line' id='line_1_31' title="bbox 388 2969 2528 3058; baseline 0.002 -23"><span class='ocrx_word' id='word_1_235' title='bbox 388 2969 672 3036; x_wconf 89' lang='lat' dir='ltr'><strong>eiusdem</strong></span> <span class='ocrx_word' id='word_1_236' title='bbox 717 2976 890 3058; x_wconf 86' lang='lat' dir='ltr'><strong>regis</strong></span> <span class='ocrx_word' id='word_1_237' title='bbox 935 2997 1013 3039; x_wconf 89' lang='lat' dir='ltr'><strong>ac</strong></span> <span class='ocrx_word' id='word_1_238' title='bbox 1057 2974 1278 3038; x_wconf 89' lang='lat' dir='ltr'><strong>militis</strong></span> <span class='ocrx_word' id='word_1_239' title='bbox 1326 2973 1570 3040; x_wconf 86' lang='lat' dir='ltr'><strong>Christi</strong></span> <span class='ocrx_word' id='word_1_240' title='bbox 1615 2972 1953 3038; x_wconf 84' lang='lat' dir='ltr'><strong>natalicius</strong></span> <span class='ocrx_word' id='word_1_241' title='bbox 2000 2973 2135 3038; x_wconf 90' lang='lat' dir='ltr'><strong>dies</strong></span> <span class='ocrx_word' id='word_1_242' title='bbox 2180 2974 2528 3039; x_wconf 84' lang='lat' dir='ltr'><strong>missarum</strong></span> 
     </span>
     <span class='ocr_line' id='line_1_32' title="bbox 388 3059 1173 3128; baseline 0.003 -3"><span class='ocrx_word' id='word_1_243' title='bbox 388 3059 814 3127; x_wconf 88' lang='lat' dir='ltr'><strong>celebratione</strong></span> <span class='ocrx_word' id='word_1_244' title='bbox 859 3066 1173 3128; x_wconf 87' lang='lat' dir='ltr'><strong>uenerari.</strong></span> 
     </span>
    </p>
   </div>
   <div class='ocr_carea' id='block_1_3' title="bbox 1402 3348 1503 3411">
    <p class='ocr_par' dir='ltr' id='par_1_5' title="bbox 1402 3348 1503 3411">
     <span class='ocr_line' id='line_1_33' title="bbox 1402 3348 1503 3411; baseline 0 -1"><span class='ocrx_word' id='word_1_245' title='bbox 1402 3348 1503 3411; x_wconf 85' lang='lat'><strong>15.</strong></span> 
     </span>
    </p>
   </div>
   <div class='ocr_carea' id='block_1_4' title="bbox 384 3519 2527 3680">
    <p class='ocr_par' dir='ltr' id='par_1_6' title="bbox 384 3519 2527 3680">
     <span class='ocr_line' id='line_1_34' title="bbox 384 3519 2527 3609; baseline -0 -33"><span class='ocrx_word' id='word_1_246' title='bbox 384 3519 465 3576; x_wconf 81' lang='lat' dir='ltr'><strong>vt</strong></span> <span class='ocrx_word' id='word_1_247' title='bbox 503 3519 836 3577; x_wconf 75' lang='lat' dir='ltr'><strong>caedualla</strong></span> <span class='ocrx_word' id='word_1_248' title='bbox 889 3535 1004 3576; x_wconf 88' lang='lat' dir='ltr'><strong>rex</strong></span> <span class='ocrx_word' id='word_1_249' title='bbox 1055 3520 1452 3579; x_wconf 76' lang='lat' dir='ltr'><strong>Geuissorum</strong></span> <span class='ocrx_word' id='word_1_250' title='bbox 1466 3558 1490 3609; x_wconf 49' lang='grc' dir='ltr'><strong><em>ἶ</em></strong></span> <span class='ocrx_word' id='word_1_251' title='bbox 1548 3521 1891 3577; x_wconf 82' lang='lat' dir='ltr'><strong>interfecto</strong></span> <span class='ocrx_word' id='word_1_252' title='bbox 1942 3536 2092 3589; x_wconf 78' lang='lat' dir='ltr'><strong>rege</strong></span> <span class='ocrx_word' id='word_1_253' title='bbox 2129 3520 2527 3589; x_wconf 81' lang='lat' dir='ltr'><strong>Aedilualch,</strong></span> 
     </span>
     <span class='ocr_line' id='line_1_35' title="bbox 421 3608 2491 3680; baseline 0.001 -17"><span class='ocrx_word' id='word_1_254' title='bbox 421 3608 809 3678; x_wconf 74' lang='lat' dir='ltr'><strong>prouinciam</strong></span> <span class='ocrx_word' id='word_1_255' title='bbox 846 3608 1023 3663; x_wconf 80' lang='lat' dir='ltr'><strong>illam</strong></span> <span class='ocrx_word' id='word_1_256' title='bbox 1062 3623 1248 3665; x_wconf 82' lang='lat' dir='ltr'><strong>saeua</strong></span> <span class='ocrx_word' id='word_1_257' title='bbox 1285 3610 1469 3665; x_wconf 74' lang='lat' dir='ltr'><strong>caede</strong></span> <span class='ocrx_word' id='word_1_258' title='bbox 1502 3624 1573 3665; x_wconf 78' lang='lat' dir='ltr'><strong>ac</strong></span> <span class='ocrx_word' id='word_1_259' title='bbox 1609 3609 2089 3680; x_wconf 80' lang='lat' dir='ltr'><strong>depopulatione</strong></span> <span class='ocrx_word' id='word_1_260' title='bbox 2128 3609 2491 3667; x_wconf 83' lang='lat' dir='ltr'><strong>attriuerit.</strong></span> 
     </span>
    </p>
   </div>
   <div class='ocr_carea' id='block_1_5' title="bbox 388 3768 2530 3945">
    <p class='ocr_par' dir='ltr' id='par_1_7' title="bbox 388 3768 2530 3945">
     <span class='ocr_line' id='line_1_36' title="bbox 561 3768 2529 3856; baseline 0.001 -23"><span class='ocrx_word' id='word_1_261' title='bbox 561 3768 821 3834; x_wconf 85' lang='lat' dir='ltr'><strong>Interea</strong></span> <span class='ocrx_word' id='word_1_262' title='bbox 867 3772 1322 3856; x_wconf 87' lang='lat' dir='ltr'><strong>superueniens</strong></span> <span class='ocrx_word' id='word_1_263' title='bbox 1355 3793 1499 3834; x_wconf 89' lang='lat' dir='ltr'><strong>cum</strong></span> <span class='ocrx_word' id='word_1_264' title='bbox 1535 3772 1827 3835; x_wconf 87' lang='lat' dir='ltr'><strong>exercitu</strong></span> <span class='ocrx_word' id='word_1_265' title='bbox 1858 3768 2227 3850; x_wconf 86' lang='lat' dir='ltr'><strong>Caedualla,</strong></span> <span class='ocrx_word' id='word_1_266' title='bbox 2273 3770 2529 3835; x_wconf 89' lang='lat' dir='ltr'><strong>iuuenis</strong></span> 
     </span>
     <span class='ocr_line' id='line_1_37' title="bbox 388 3858 2530 3945; baseline 0.002 -25"><span class='ocrx_word' id='word_1_267' title='bbox 388 3860 864 3922; x_wconf 84' lang='lat' dir='ltr'><strong>strenuissimus</strong></span> <span class='ocrx_word' id='word_1_268' title='bbox 912 3858 992 3923; x_wconf 87' lang='lat' dir='ltr'><strong>de</strong></span> <span class='ocrx_word' id='word_1_269' title='bbox 1037 3864 1222 3945; x_wconf 86' lang='lat' dir='ltr'><strong>regio</strong></span> <span class='ocrx_word' id='word_1_270' title='bbox 1269 3880 1508 3945; x_wconf 87' lang='lat' dir='ltr'><strong>genere</strong></span> <span class='ocrx_word' id='word_1_271' title='bbox 1543 3858 1988 3945; x_wconf 82' lang='lat' dir='ltr'><strong>Geuissorum,</strong></span> <span class='ocrx_word' id='word_1_272' title='bbox 2038 3882 2183 3925; x_wconf 90' lang='lat' dir='ltr'><strong>cum</strong></span> <span class='ocrx_word' id='word_1_273' title='bbox 2232 3859 2530 3925; x_wconf 87' lang='lat' dir='ltr'><strong>exularet</strong></span> 
     </span>
    </p>
   </div>
  </div>
 </body>
</html>
