2723 4326
383 196 470 260 66
2356 193 2425 246 11.
2466 194 2518 248 2.

381 368 773 457 appellatur:
837 370 1174 457 coepitque
1232 371 1325 434 eis
1388 368 1675 433 fraterna
1732 368 2165 434 admonitione
2225 367 2516 455 suadere,

379 469 452 524 ut
483 481 643 547 pace
683 457 997 524 catholica
1043 480 1262 523 secum
1305 457 1531 525 habita
1576 480 1983 524 communem
2027 458 2518 543 euangelizandi

380 548 684 634 gentibus
748 570 868 635 pro
936 546 1194 613 domino
1260 548 1552 613 laborem
1617 549 2033 635 susciperent.
2126 546 2279 613 Non
2342 550 2517 613 enim

377 636 654 723 paschae
724 636 1114 701 dominicum
1181 633 1354 701 diem
1419 658 1532 703 suo
1600 645 1923 723 tempore,
2001 636 2114 702 sed
2177 658 2218 701 a
2283 647 2517 723 quarta

376 727 628 792 decima
695 747 900 811 usque
959 724 1043 789 ad
1099 726 1477 790 uicesimam
1542 725 1759 790 lunam
1823 725 2278 793 obseruabant:
2348 748 2515 812 quae

375 815 768 901 computatio
814 812 1231 878 LXXXIIII
1274 836 1590 880 annorum
1634 813 1873 879 circulo
1920 815 2302 880 continetur.
2378 813 2515 881 Sed

373 913 440 969 et
485 905 611 969 alia
653 904 931 990 plurima
972 904 1204 968 unitati
1259 904 1733 969 ecclesiasticae
1786 906 2111 969 contraria
2163 904 2511 970 faciebant.

373 990 503 1071 Qui
533 1014 681 1058 cum
708 993 910 1078 longa
955 990 1387 1080 disputatione
1431 991 1673 1078 habita,
1721 1014 1931 1078 neque
1969 992 2271 1079 precibus
2300 1014 2515 1080 neque

372 1081 793 1147 hortamentis
838 1102 1052 1167 neque
1095 1082 1643 1167 increpationibus
1671 1079 2022 1167 Augustini
2066 1104 2145 1146 ac
2191 1084 2513 1147 sociorum

374 1173 511 1235 eius
571 1191 902 1235 assensum
957 1169 1266 1255 praebere
1323 1170 1706 1255 uoluissent,
1768 1170 1881 1235 sed
1926 1192 2073 1235 suas
2117 1171 2333 1257 potius
2376 1179 2509 1237 tra-

369 1258 642 1325 ditiones
699 1260 1044 1342 uniuersis,
1107 1280 1271 1344 quae
1328 1280 1449 1345 per
1503 1259 1727 1324 orbem
1773 1260 1897 1324 sibi
1940 1261 2008 1324 in
2054 1257 2310 1324 Christo
2358 1281 2509 1325 con-

369 1347 668 1431 cordant,
737 1348 1022 1412 ecclesiis
1069 1348 1500 1433 praeferrent,
1566 1356 1825 1414 sanctus
1870 1358 2057 1435 pater
2101 1347 2511 1433 Augustinus

366 1437 536 1501 hunc
602 1436 904 1501 laboriosi
970 1445 1164 1522 atque
1229 1436 1411 1521 longi
1474 1438 1842 1502 certaminis
1906 1436 2104 1502 finem
2172 1438 2326 1503 fecit
2337 1487 2357 1521 ,
2422 1448 2511 1505 ut

367 1524 640 1591 diceret:
699 1523 1156 1591 ‘Obsecremus
1202 1523 1422 1608 deum,
1469 1527 1581 1612 qui
1624 1524 1917 1591 habitare
1962 1526 2121 1592 facit
2164 1527 2508 1592 unanimes

285 1679 290 1685 ,
363 1615 430 1678 in
477 1614 662 1680 domo
708 1614 912 1699 patris
977 1615 1104 1698 sui,
1167 1622 1238 1679 ut
1290 1616 1430 1702 ipse
1490 1616 1675 1680 nobis
1736 1616 2059 1681 insinuare
2120 1613 2507 1681 caelestibus

364 1704 566 1789 signis
625 1703 958 1787 dignetur,
1020 1725 1186 1789 quae
1244 1703 1574 1791 sequenda
1618 1702 1907 1789 traditio,
1974 1704 2203 1790 quibus
2250 1706 2334 1769 sit
2377 1706 2508 1771 uiis

363 1793 448 1857 ad
493 1794 856 1877 ingressum
908 1794 1097 1877 regni
1149 1792 1319 1857 illius
1374 1790 1871 1879 properandum.
1963 1791 2342 1858 Adducatur
2387 1793 2506 1858 ali-

364 1882 506 1967 quis
547 1902 763 1966 aeger,
810 1890 876 1945 et
906 1902 1023 1967 per
1058 1882 1234 1946 cuius
1265 1903 1491 1969 preces
1535 1880 1731 1946 fuerit
1777 1890 2057 1965 curatus,
2105 1881 2295 1947 huius
2339 1880 2505 1949 fides

365 1979 434 2035 et
480 1970 768 2056 operatio
802 1967 923 2034 deo
956 1968 1189 2035 deuota
1219 1980 1412 2056 atque
1445 1972 1738 2036 omnibus
1785 1970 2111 2057 sequenda
2155 1968 2497 2037 credatur.’

364 2057 554 2137 Quod
601 2080 750 2123 cum
794 2055 1150 2125 aduersarii
1193 2060 1382 2123 inuiti
1425 2059 1576 2124 licet
1624 2058 2076 2144 concederent,
2126 2059 2355 2125 allatus
2400 2070 2505 2125 est

365 2148 624 2235 quidam
685 2145 764 2213 de
824 2170 1062 2232 genere
1120 2147 1516 2233 Anglorum,
1582 2148 1911 2214 oculorum
1971 2148 2113 2214 luce
2176 2148 2501 2236 priuatus:

364 2239 474 2325 qui
534 2259 682 2303 cum
741 2237 995 2303 oblatus
1054 2237 1438 2303 Brettonum
1498 2239 1939 2304 sacerdotibus
1997 2239 2090 2304 nil
2149 2239 2503 2305 curationis

361 2326 468 2392 uel
499 2327 846 2392 sanationis
876 2324 1105 2391 horum
1151 2326 1505 2392 ministerio
1548 2328 1931 2414 perciperet,
1981 2328 2242 2393 tandem
2272 2326 2503 2412 Augu-

363 2417 565 2480 stinus
620 2417 789 2480 iusta
846 2417 1232 2481 necessitate
1293 2415 1659 2502 compulsus
1716 2415 1916 2481 flectit
1975 2439 2188 2501 genua
2242 2438 2357 2481 sua
2412 2415 2503 2480 ad

359 2513 615 2590 patrem
673 2503 914 2569 domini
973 2506 1177 2570 nostri
1219 2503 1375 2568 Iesu
1419 2503 1661 2570 Christi
1706 2503 2088 2592 deprecans,
2157 2514 2231 2569 ut
2288 2505 2503 2571 uisum

361 2614 576 2672 caeco,
624 2615 817 2679 quem
864 2595 1188 2677 amiserat,
1235 2595 1627 2678 restitueret,
1693 2602 1758 2659 et
1800 2617 1919 2681 per
1964 2595 2503 2660 illuminationem

357 2682 546 2747 unius
599 2682 875 2746 hominis
929 2683 1352 2768 corporalem,
1398 2684 1467 2746 in
1510 2682 1933 2769 plurimorum
1966 2681 2158 2748 corde
2210 2681 2502 2749 fidelium

359 2771 664 2856 spiritalis
697 2772 976 2854 gratiam
1003 2770 1165 2836 lucis
1211 2769 1612 2836 accenderet.
1675 2769 1817 2836 Nec
1849 2793 2051 2856 mora,
2098 2771 2502 2837 illuminatur

359 2880 588 2923 caecus
633 2881 712 2923 ac
755 2880 948 2922 uerus
1003 2881 1290 2924 summae
1343 2858 1503 2924 lucis
1555 2882 1787 2946 praeco
1834 2861 1919 2925 ab
1967 2860 2263 2925 omnibus
2308 2883 2499 2947 prae-

356 2944 608 3011 dicatur
651 2945 1074 3032 Augustinus,
1169 2946 1340 3012 Tum
1387 2946 1730 3014 Brettones
1786 2948 2173 3014 confitentur
2234 2947 2499 3036 quidem

355 3035 746 3102 intellexisse
779 3058 847 3101 se
877 3057 1101 3102 ueram
1135 3058 1273 3102 esse
1303 3039 1478 3101 uiam
1510 3039 1811 3121 iustitiae,
1860 3059 2052 3124 quam
2092 3037 2501 3125 praedicaret

355 3123 784 3212 Augustinus:
847 3125 960 3192 sed
1013 3148 1140 3191 non
1195 3147 1265 3190 se
1316 3148 1507 3213 posse
1564 3127 1806 3214 absque
1864 3149 2121 3192 suorum
2181 3148 2499 3194 consensu

355 3237 434 3280 ac
477 3216 740 3280 licentia
783 3215 1011 3300 priscis
1066 3212 1371 3281 abdicare
1420 3214 1722 3280 moribus.
1815 3213 2006 3280 Vnde
2057 3215 2495 3303 postulabant,

353 3312 426 3368 ut
471 3302 750 3370 secundo
797 3301 1080 3390 synodus
1123 3303 1420 3392 pluribus
1467 3301 1953 3370 aduenientibus
1999 3302 2201 3370 fieret.

533 3389 725 3470 Quod
769 3413 916 3456 cum
961 3402 1131 3458 esset
1175 3401 1518 3477 statutum,
1578 3401 1923 3480 uenerunt,
1990 3403 2063 3458 ut
2121 3392 2493 3479 perhibent,

354 3488 602 3567 septem
659 3480 1042 3547 Brettonum
1117 3483 1403 3568 episcopi
1478 3489 1544 3547 et
1617 3483 1838 3568 plures
1911 3482 2040 3547 uiri
2116 3481 2493 3568 doctissimi,

354 3571 638 3643 maxime
684 3568 764 3634 de
808 3570 1202 3636 nobilissimo
1249 3593 1473 3636 eorum
1517 3572 1939 3657 monasterie,
2004 3571 2176 3657 quod
2219 3579 2494 3637 uocatur

352 3657 577 3742 lingua
620 3654 983 3742 Anglorum
1028 3657 1557 3745 Bancornaburg,
1608 3661 1711 3725 cui
1756 3670 2047 3746 tempore
2091 3660 2199 3726 illo
2245 3658 2494 3725 Dinoot

354 3745 558 3811 abbas
615 3746 968 3832 praefuisse
1026 3757 1353 3832 narratur,
1420 3751 1531 3835 qui
1587 3747 1670 3815 ad
1727 3749 2093 3837 praefatum
2145 3749 2295 3814 ituri
2340 3771 2491 3814 con-

354 3833 571 3900 cilium
625 3845 940 3901 uenerunt
997 3837 1204 3924 primo
1263 3835 1347 3903 ad
1403 3837 1722 3925 quendam
1780 3840 1993 3904 uirum
2058 3847 2353 3904 sanctum
2410 3859 2493 3904 ac
