2723 4326
131 237 261 289 1111.
301 237 352 292 3.
2147 239 2273 303 169

132 413 552 500 uidebantur,
621 415 1030 500 operabatur.
1125 411 1254 494 Qui
1301 437 1447 479 cum
1495 413 1601 479 die
1648 413 1925 502 quadam
1980 417 2113 480 tale
2157 417 2271 481 ali·

135 502 290 590 quid
337 503 495 567 foris
542 513 788 588 ageret,
837 503 1146 590 digressis
1191 503 1274 568 ad
1323 504 1661 568 ecclesiam
1700 506 1907 587 sociis,
1957 514 2029 569 ut
2061 503 2273 570 dicere

134 614 502 680 coeperam,
551 601 618 658 et
665 595 1001 680 episcopus
1049 594 1218 658 solus
1263 594 1331 658 in
1378 595 1659 658 oratorio
1690 594 1835 677 loci,
1880 594 2141 658 lectioni
2171 594 2275 658 uel

134 682 412 746 orationi
459 703 724 767 operam
773 681 976 767 daret,
1023 680 1273 747 audiuit
1318 690 1607 768 repente,
1652 691 1725 746 ut
1771 691 1997 768 postea
2039 681 2275 747 refere-

131 771 270 855 bat,
318 793 545 835 uocem
593 772 1038 836 suauissimam
1087 774 1483 836 cantantium
1522 781 1717 858 atque
1769 772 2149 836 laetantium
2195 769 2276 838 de

134 860 314 925 caelo
361 859 444 924 ad
489 868 696 924 terras
742 882 946 946 usque
991 859 1415 926 descendere:
1465 882 1659 947 quam
1702 860 2004 925 uidelicet
2048 883 2277 926 uocem

133 949 218 1014 ab
250 949 672 1033 Euroaustro,
719 948 784 1013 id
832 958 928 1014 est
973 949 1055 1013 ab
1102 950 1232 1014 alto
1280 950 1589 1014 brumalis
1636 959 1917 1029 exortus,
1966 953 2174 1036 primo
2208 972 2277 1015 66

136 1038 398 1103 audisse
444 1037 701 1103 dicebat
747 1062 824 1104 ac
874 1037 1104 1103 deinde
1147 1038 1465 1125 paulatim
1512 1060 1655 1104 eam
1704 1039 1825 1103 sibi
1871 1038 2275 1126 adpropiare,

135 1126 346 1192 donec
393 1127 477 1192 ad
523 1136 768 1193 tectum
813 1149 1018 1214 usque
1063 1130 1357 1210 oratorii,
1420 1129 1484 1192 in
1533 1149 1659 1214 quo
1721 1137 1859 1192 erat
1918 1130 2275 1214 episcopus,

132 1217 536 1303 perueniret:
587 1216 756 1302 quod
802 1219 1115 1302 ingressa,
1162 1225 1381 1282 totum
1416 1217 1709 1303 impleuit
1756 1225 1953 1302 atque
1997 1219 2065 1282 in
2110 1239 2276 1302 gyro

136 1306 583 1371 circumdedit.
647 1305 740 1371 At
784 1306 894 1371 1116
939 1305 1092 1370 dum
1140 1307 1451 1372 sollicitus
1496 1309 1564 1371 in
1596 1328 1691 1388 ea,
1741 1327 1906 1392 (11166
1951 1304 2275 1388 audiebat,

136 1395 424 1460 animum
471 1396 833 1460 intenderet
849 1444 864 1474 ,
912 1393 1160 1460 audiuit
1207 1396 1447 1478 denuo,
1496 1404 1820 1460 transacto
1867 1397 2051 1481 quasi
2096 1394 2278 1459 dimi-

137 1481 284 1548 diae
346 1483 545 1549 horae
609 1485 844 1570 spatio,
907 1484 1258 1550 ascendere
1304 1483 1386 1549 de
1431 1493 1605 1550 tecto
1667 1484 1953 1549 eiusdem
2015 1486 2280 1550 oratorii

135 1569 310 1637 idem
340 1572 627 1638 laetitiae
658 1575 999 1658 canticum,
1035 1582 1100 1638 et
1129 1574 1290 1659 ipsa,
1325 1595 1452 1660 qua
1482 1582 1771 1658 uenerat,
1814 1574 1924 1638 uia
1953 1571 2037 1637 ad
2068 1573 2278 1638 caelos
2314 1603 2317 1605 Α

136 1683 343 1748 116(1116
391 1685 538 1727 cum
583 1661 891 1727 ineffabili
937 1662 1274 1728 dulcedine
1317 1664 1581 1727 reuerti.
1645 1660 1774 1740 Qui
1807 1684 1951 1726 cum
1992 1663 2276 1747 aliquan-

136 1751 346 1814 tulum
375 1751 574 1818 horae
606 1753 787 1839 quasi
819 1750 1144 1816 adtonitus
1177 1760 1469 1816 maneret
1503 1759 1587 1835 et,
1637 1748 1792 1837 q'uid
1838 1749 1999 1815 haec
2048 1758 2276 1834 essent,

140 1839 385 1904 sollerti
446 1842 656 1907 animo
684 1891 689 1896 .
721 1849 1138 1925 scrutaretur,
1206 1841 1461 1926 aperuit
1526 1840 1863 1926 episcopus
1929 1839 2281 1904 fenestram

139 1930 405 1994 oratorii
451 1938 516 1994 et
563 1930 842 1994 sonitum
885 1951 1079 1996 manu
1126 1929 1400 2013 faciens,
1460 1937 1533 1992 ut
1580 1951 1775 2015 saepe
1836 1937 2277 2013 consueuerat,

140 2019 342 2102 siquis
389 2017 544 2083 foris
592 2027 790 2102 esset,
846 2017 928 2083 ad
978 2043 1048 2083 se
1092 2020 1336 2082 intrare
1381 2019 1732 2104 praecepit.
1824 2015 2128 2081 Introiuit
2173 2018 2280 2082 ille

141 2107 462 2191 concitus,
512 2109 615 2172 cui
661 2107 826 2173 dixit
873 2109 1172 2173 antistes:
1239 2105 1448 2173 ‘Vade
1495 2107 1623 2172 cito
1671 2104 1754 2172 ad
1801 2106 2168 2189 ecclesiam,
2217 2116 2282 2172 et

139 2196 259 2261 hos
291 2195 429 2260 VII
459 2196 692 2262 fratres
723 2195 849 2262 huc
879 2199 1104 2263 uenire
1138 2196 1365 2281 facit03
1399 2206 1470 2261 tu
1503 2218 1759 2283 quoque
1791 2196 1981 2261 simul
2013 2195 2281 2260 adesto!

140 2283 273 2363 Qui
321 2307 467 2350 cum
514 2289 859 2369 uenissent,
905 2288 1115 2372 primo
1161 2286 1496 2351 admonuit
1541 2308 1671 2370 eos,
1718 2294 1791 2349 ut
1835 2287 2146 2349 uirtutem
2188 2282 2279 2349 di-

142 2374 437 2439 lectionis
485 2388 550 2439 et
594 2376 772 2461 pacis
818 2375 899 2440 ad
943 2378 1222 2441 inuicem
1270 2384 1334 2440 et
1381 2373 1465 2439 ad
1510 2396 1731 2439 omnes
1790 2372 2011 2439 fideles
2073 2395 2286 2438 serua·

143 2471 320 2528 rent:
376 2464 673 2529 instituta
719 2485 974 2551 quoque
1020 2463 1395 2551 disciplinae
1441 2464 1790 2549 regularis,
1840 2486 2006 2551 quae
2052 2462 2157 2528 uel
2202 2464 2284 2527 ab

143 2554 288 2638 ipso
335 2549 707 2618 didicissent
754 2563 820 2621 et
865 2555 930 2617 in
973 2554 1114 2639 ipso
1161 2553 1472 2618 uidissent
1536 2553 1641 2617 uel
1688 2554 1753 2615 in
1800 2560 2058 2638 patrum
2104 2574 2287 2637 prae·

146 2638 515 2706 cedentium
544 2641 733 2707 factis
766 2644 902 2707 siue
933 2642 1120 2707 dictis
1152 2643 1569 2724 inuenissent,
1615 2641 1938 2706 indefessa
1981 2641 2288 2705 instantia

145 2739 592 2816 sequerentur.
667 2731 922 2796 Deinde
970 2732 1298 2797 subiunxit
1345 2730 1518 2795 diem
1566 2731 1665 2794 sui
1712 2730 1923 2795 obitus
1969 2731 2101 2794 iam
2147 2752 2288 2816 pro·

143 2820 321 2882 xime
366 2821 627 2885 instare.
707 2819 1029 2905 ‘Namque
1073 2820 1327 2906 hospes'
1378 2821 1590 2905 inquit
1639 2819 1767 2884 ‘ille
1811 2819 2126 2903 amabilis,
2177 2820 2287 2905 qui

145 2908 384 2972 fratres
428 2918 682 2974 nostros
727 2911 993 2974 uisitare
1037 2908 1304 2992 solebat,
1363 2906 1448 2974 ad
1494 2931 1600 2973 me
1646 2929 1901 2995 quoque
1946 2906 2136 2972 hodie
2181 2930 2288 2972 ue-

143 2999 287 3061 nire
346 3018 580 3083 meque
639 2997 720 3063 de
779 2998 1032 3063 saeculo
1099 3020 1370 3063 euocare
1427 2995 1730 3082 dignatus
1791 3006 1906 3061 661.
2009 2997 2289 3081 Propter

148 3085 322 3172 quod
350 3096 751 3152 reuertentes
782 3088 865 3153 ad
895 3088 1235 3153 ecclesiam
1265 3085 1462 3151 dicite
1495 3086 1823 3168 fratribus,
1871 3094 1943 3149 ut
1976 3093 2039 3149 et
2070 3106 2287 3149 meum

149 3175 394 3239 exitum
459 3174 714 3241 domino
783 3175 1084 3264 precibus
1150 3173 1599 3242 commendent
1658 3184 1724 3238 et
1785 3196 1969 3237 suum
2033 3194 2286 3259 quoque

149 3264 414 3347 exitum,
463 3267 642 3329 cuius
679 3265 840 3329 hora
882 3268 1133 3330 incerta
1164 3275 1278 3349 est,
1327 3263 1588 3348 uigiliis,
1642 3260 2055 3345 orationibuS,
2105 3262 2288 3325 bonis

151 3352 449 3438 operibus
494 3356 873 3441 praeuenire
917 3353 1371 3423 meminerint.'
1436 3352 1729 3437 Cumque
1773 3350 1933 3415 haec
1981 3360 2045 3415 et
2074 3348 2288 3414 huius-

149 3441 324 3505 modi
389 3443 576 3529 plura
660 3443 1030 3529 loqueretur
1105 3451 1302 3530 atque
1363 3442 1458 3507 illi
1522 3448 1830 3527 percepta
1896 3441 2031 3504 eius
2092 3438 2284 3503 bene-

151 3528 436 3596 dictione
502 3532 632 3595 iam
686 3534 961 3597 multum
1025 3534 1239 3596 tristes
1299 3533 1607 3614 exissent,
1670 3529 1861 3594 rediit
1905 3531 2046 3614 ipse
2092 3528 2285 3612 solus,

151 3621 1229 3797 ficitssffifflnffieffssitssssfhfisssstt’
1253 3625 2283 3796 assssq333⁸2222333g55r2¹÷2&3333

149 3800 350 3885 roga,'
399 3800 607 3884 inquit
653 3797 844 3884 ‘quod
890 3760 1030 3863 uis''.
1101 3797 1193 3863 At
1210 3798 1344 3863 ille:
1398 3796 1754 3881 ‘Obsecr0,'
1801 3797 2009 3883 inquit
2057 3795 2149 3861 ‘ut
2194 3793 2284 3858 di-

149 3910 283 3975 cas,
356 3887 531 3973 quod
575 3898 715 3953 erat
761 3890 1082 3953 canticum
1128 3886 1286 3953 illud
1329 3888 1709 3953 laetantium
1724 3938 1742 3973 ,
1813 3886 1985 3973 quod
2048 3884 2285 3965 audiui,
