2723 4326
161 242 256 295 m
295 243 381 297 24.
2167 234 2296 309 145

166 438 403 506 rorum,
452 444 571 487 sex
616 424 682 486 in
727 422 1172 487 Berniciorum
1218 420 1415 488 dedit.
1494 420 1807 507 Singulae
1850 442 2008 487 uero
2050 445 2298 509 posses-

168 513 378 576 siones
426 508 497 574 X
545 521 730 577 erant
789 512 1202 594 familiarum,
1273 510 1340 575 id
1401 521 1499 575 est
1560 511 1753 576 simul
1816 532 2036 575 omnes
2082 509 2296 577 CXX.

165 600 452 665 Intrauit
496 610 714 665 autem
773 602 1069 689 praefata
1129 602 1302 685 regis
1351 597 1557 667 Osuiu
1600 598 1736 665 filia
1778 600 1899 665 deo
1945 599 2301 667 dedicanda

163 692 658 774 monasterium,
730 689 900 775 quod
962 700 1367 776 nuncupatur
1418 688 1745 773 HeruteU,
1811 688 1878 755 id
1938 698 2035 754 est
2091 690 2299 755 insula

161 780 359 859 cerui,
414 780 523 843 cui
563 789 717 844 tunc
762 778 921 844 Hild
969 780 1294 845 abbatissa
1339 780 1637 865 praefuit.
1702 776 1886 857 Quae
1930 787 2077 865 post
2122 778 2299 844 bien-

165 870 340 933 nium
415 877 790 955 comparata
856 869 1256 956 possessione
1299 868 1360 931 X
1407 868 1795 932 familiarum
1838 870 1907 933 in
1952 869 2119 951 loco,
2190 869 2301 954 qui

165 955 398 1021 dicitur
429 953 988 1040 Streanaeshalch‚
1031 960 1124 1023 ibi
1157 960 1615 1022 monasterium
1648 959 2029 1041 construxit3
2076 960 2143 1021 in
2174 979 2300 1043 quo

165 1054 522 1111 memorata
566 1048 742 1131 regis
793 1045 928 1113 filia
973 1049 1180 1133 primo
1227 1046 1541 1134 discipula
1586 1048 1761 1112 uitae
1807 1047 2140 1131 regularis,
2162 1112 2166 1117 ,
2188 1047 2297 1112 de·

164 1134 311 1199 inde
357 1138 556 1200 etiam
601 1138 915 1221 magistra
959 1138 1194 1215 extitit,
1241 1134 1445 1201 donec
1492 1135 1784 1221 conpleto
1829 1134 1999 1201 unde
2028 1134 2160 1201 LX
2191 1157 2300 1200 an-

165 1246 395 1288 norum
442 1246 709 1289 numero
757 1223 839 1289 ad
884 1225 1290 1312 complexum
1323 1233 1403 1290 et*
1440 1226 1698 1311 nuptias
1745 1226 1963 1311 sponsi
2006 1225 2301 1290 caelestis

168 1315 349 1399 uirgo
398 1313 590 1377 beata
633 1315 924 1379 intraret.
990 1314 1068 1379 In
1102 1336 1226 1401 quo
1273 1315 1662 1379 monasterio
1710 1324 1775 1377 et
1820 1316 1961 1401 ipsa
2006 1322 2071 1379 et
2116 1324 2301 1402 pater

166 1404 301 1467 eius
351 1400 562 1469 Osuiu
608 1414 673 1467 et
717 1414 927 1469 mater
971 1406 1110 1468 eius
1157 1402 1475 1469 Aeanfled
1530 1412 1593 1467 et
1646 1412 1832 1489 pater
1886 1404 2111 1469 matris
2164 1406 2301 1468 eius

166 1490 451 1557 Aeduini
497 1500 563 1557 et
617 1492 801 1556 multi
855 1493 964 1557 alii
1019 1492 1265 1559 nobiles
1319 1494 1390 1557 in
1442 1492 1718 1557 ecclesia
1772 1494 1975 1557 sancti
2029 1492 2304 1579 apostoli

168 1580 351 1645 Petri
398 1581 636 1667 sepulti
683 1591 847 1647 sunt.
941 1580 1089 1647 Hoc
1134 1592 1351 1646 autem
1394 1582 1633 1646 bellum
1677 1603 1796 1645 rex
1842 1580 2049 1645 Osuiu
2094 1584 2163 1647 in
2206 1604 2301 1646 rc-

167 1671 362 1755 gione
420 1667 642 1735 Loidis
701 1672 893 1735 tertio
954 1671 1201 1736 decimo
1261 1672 1446 1754 regni
1506 1671 1604 1735 sui
1662 1692 1855 1754 anm,
1926 1668 2156 1735 XVII²
2200 1668 2303 1741 die

167 1757 616 1824 Kalendarum
674 1758 1133 1825 Decembrium
1194 1782 1340 1824 cum
1399 1780 1637 1843 magna
1692 1760 2025 1844 utriusque
2081 1759 2303 1846 pop'uli

165 1848 441 1912 utilitate
487 1848 785 1917 confecit.
845 1847 1018 1915 Nam
1063 1859 1128 1913 et
1175 1869 1356 1913 suam
1402 1857 1665 1933 gentem
1713 1847 1794 1911 ab
1843 1846 2056 1911 hostili
2101 1870 2299 1934 paga·

163 1958 394 2001 norum
441 1936 942 2025 depopulatione
987 1938 1306 2021 liberauit,
1364 1948 1427 2001 et
1470 1938 1677 2023 ipsam
1721 1946 1986 2021 gentem
2031 1936 2301 2003 Mercio-

162 2048 309 2089 rum
353 2024 902 2113 finitimarumque
948 2028 1444 2114 prouinciarum,
1494 2024 1751 2089 desecto
1790 2028 2003 2111 capite
2033 2025 2299 2115 perfido,

161 2112 250 2180 ad
294 2112 449 2181 fidei
493 2113 897 2182 Christianae
943 2118 1222 2202 gratiam
1269 2116 1602 2181 conuertit.

343 2205 606 2270 Primus
653 2216 869 2271 autem
917 2207 984 2270 in
1015 2207 1348 2293 prouincia
1377 2203 1786 2284 Merciorum,
1836 2205 2026 2268 simul
2058 2213 2123 2269 et
2154 2203 2303 2270 Lin-

159 2293 551 2359 disfarorum
597 2317 673 2360 ac
718 2293 1338 2361 Mediterraneorum
1371 2293 1754 2380 Anglorum,
1802 2293 2007 2359 factus
2040 2305 2139 2358 est
2171 2297 2301 2382 epi-

162 2405 397 2469 scopus
428 2383 689 2468 Diuma,
738 2395 810 2448 ut
841 2407 1038 2471 supra
1077 2383 1373 2468 diximus,
1423 2385 1532 2470 qui
1578 2383 1750 2470 apud
1790 2380 2301 2456 Mediterraneos

164 2470 418 2556 Anglos
466 2471 807 2539 defunctus
855 2497 932 2538 ac
979 2474 1264 2560 sepultus
1311 2482 1437 2538 est:
1487 2471 1804 2538 secundus
1851 2469 2142 2557 Cellach‚
2192 2475 2304 2559 qui

165 2561 393 2625 relicto
443 2563 848 2649 episcopatus
896 2561 1108 2628 officio
1151 2565 1381 2626 uiuens
1412 2560 1496 2627 ad
1528 2559 1843 2627 Scottiam
1876 2560 2086 2644 rediit,
2136 2573 2300 2627 uter-

164 2671 291 2735 que
340 2649 422 2714 de
469 2671 706 2735 genere
753 2649 1153 2717 Scottorum:
1215 2654 1447 2716 tertius
1496 2650 1869 2734 Trumheri,
1920 2649 2000 2715 de
2044 2653 2303 2717 natione

165 2738 428 2824 quidem
474 2739 866 2824 Anglorum‚
935 2739 1048 2806 sed
1115 2739 1378 2805 edoctus
1438 2749 1502 2804 et
1563 2739 1889 2804 ordinatus
1946 2763 1987 2805 a
2041 2738 2303 2826 Scottis,

209 2829 279 2891 ui
327 2837 469 2892 erat
513 2829 716 2894 abbas
761 2831 827 2894 in
874 2831 1294 2912 monasteri0,
1344 2830 1515 2916 quod
1560 2829 1795 2894 dicitur
1839 2828 2301 2915 Ingetlingum.

200 2939 318 3004 pse
367 2925 466 2981 est
508 2917 714 3001 locus,
776 2921 844 2981 in
891 2942 1016 3005 quo
1065 2920 1311 2984 occisus
1359 2927 1456 2982 est
1500 2941 1620 2984 rex
1667 2915 1922 3002 Osuini,
1984 2929 2057 2983 ut
2110 2943 2304 3006 supra

165 3006 598 3072 meminimus.
691 3006 865 3072 Nam
911 3010 1136 3092 regina
1179 3006 1491 3072 Aeanfled
1550 3009 1913 3094 propinqua
1964 3008 2156 3092 illius,
2220 3009 2301 3073 ob

167 3096 662 3178 castigationem
707 3099 882 3160 necis
915 3099 1052 3162 eius
1100 3099 1393 3180 iniustae,
1442 3096 1793 3183 postulauit
1823 3119 1864 3160 a
1891 3118 2047 3181 rege
2080 3094 2301 3181 Osuio‚

169 3192 238 3247 ut
287 3183 558 3248 donaret
605 3184 696 3249 ibi
754 3185 968 3250 locum
1027 3188 1506 3251 monasterium·
1545 3183 1954 3249 construendi
2012 3185 2303 3271 praefato

169 3271 274 3336 dei
305 3273 548 3338 famulo
583 3273 1005 3359 Trumherae‚
1057 3276 1206 3361 quia
1250 3277 1646 3362 propinquus
1680 3284 1745 3338 et
1776 3275 1915 3362 ipse
1961 3283 2100 3338 erat
2130 3276 2304 3358 regis

167 3363 392 3426 occisi:
441 3364 510 3427 in
542 3384 668 3448 quo
714 3362 1017 3428 uidelicet
1061 3367 1449 3429 monasterio
1497 3365 1815 3430 orationes
1862 3361 2156 3427 assiduae
2188 3385 2304 3449 pro

169 3452 504 3536 utriusque
563 3453 766 3537 regis,
828 3453 895 3517 id
957 3462 1055 3518 est
1115 3461 1181 3518 et
1241 3454 1434 3518 occisi
1488 3461 1551 3517 et
1608 3455 1775 3534 eius,
1840 3453 1952 3536 qui
2010 3452 2305 3518 occidere

169 3540 376 3624 iussit,
425 3541 633 3605 salute
679 3551 942 3606 aeterna
987 3540 1232 3607 fierent.
1295 3540 1481 3606 Idem
1528 3552 1745 3606 autem
1788 3563 1906 3606 rex
1938 3536 2145 3605 Osuiu
2188 3543 2303 3607 tri-

171 3627 290 3692 bus
335 3632 520 3693 annis
566 3640 713 3716 post
751 3633 1134 3696 occisionem
1165 3631 1431 3696 Pendan
1461 3632 1657 3715 regis,
1704 3629 2097 3695 Merciorum
2129 3634 2307 3716 genti

172 3739 442 3782 necnon
491 3728 555 3783 et
602 3721 831 3784 ceteris
878 3719 1256 3785 australium
1300 3720 1775 3806 prouinciarum
1820 3719 2072 3806 populis
2118 3744 2303 3809 prae·

173 3805 319 3870 fuit:
370 3809 480 3893 qui
513 3809 707 3872 etiam
757 3818 1020 3892 gentem
1051 3808 1382 3873 Pictorum
1426 3811 1713 3874 maxima
1759 3832 1839 3873 ex
1873 3819 2057 3896 parte
2104 3833 2305 3896 regno

172 3893 537 3980 Anglorum
557 3977 561 3980 ι
583 3897 871 3963 subiecit.

278 4004 458 4044 Baedae
484 4003 594 4044 hist.
623 4005 735 4050 eccl..
1924 4007 1991 4061 10
2026 4057 2031 4062 .
