2723 4326
409 217 490 281 52
2384 213 2428 266 Ι.
2470 213 2557 268 30.

587 391 1040 458 ‘Dilectissimo
1109 392 1238 457 filio
1297 391 1547 458 Mellito
1608 391 1832 458 abbati
1892 390 2257 476 Gregorius
2328 413 2555 455 seruus

408 503 740 547 seruorum
790 481 914 546 dei.

581 572 739 636 Post
784 571 1136 636 discessum
1182 571 1704 656 congregationis
1751 579 2040 653 nostrae,
2105 591 2273 654 quae
2334 577 2555 633 tecum

405 670 522 743 est,
571 659 761 724 ualde
808 682 1026 724 sumus
1073 660 1365 746 suspensi
1411 659 1667 740 redditi,
1716 662 1869 744 quia
1911 659 2073 723 nihil
2105 659 2185 722 de
2232 661 2555 744 prosperi-

401 759 536 815 tate
580 751 783 814 uestri
828 750 1076 814 itineris
1121 749 1377 814 audisse
1423 771 1541 813 nos
1588 751 1881 834 contigit.
1961 745 2129 813 Cum
2178 768 2343 830 ergo
2391 745 2552 812 deus

405 840 806 925 omnipotens
858 861 974 902 uos
1028 837 1112 903 ad
1164 839 1759 903 reuerentissimum
1812 839 2023 902 uirum
2080 837 2351 901 fratrem
2406 859 2553 900 nos-

402 937 574 992 trum
619 926 1060 1012 Augustinum
1107 929 1482 1015 episcopum
1528 924 1933 1013 perduxerit,
1995 925 2191 991 dicite
2240 928 2331 1007 ei,
2395 924 2555 1012 quid

403 1017 513 1082 diu
558 1039 813 1081 mecum
859 1016 940 1082 de
987 1037 1180 1081 causa
1223 1015 1587 1100 Anglorum
1635 1018 1928 1101 cogitans
1993 1015 2300 1080 tractauit
2370 1014 2549 1078 uide-

400 1106 568 1190 licet,
619 1108 770 1191 quia
815 1105 967 1170 fana
1011 1105 1324 1171 idolorum
1372 1104 1616 1169 destrui
1661 1107 1729 1169 in
1761 1105 1988 1170 eadem
2036 1111 2234 1188 gente
2280 1105 2552 1168 minime

402 1193 708 1278 debeant3
781 1193 895 1259 sed
941 1196 1110 1281 ipsa,
1175 1216 1340 1280 quae
1386 1195 1453 1258 in
1502 1197 1595 1259 eis
1644 1205 1821 1277 sunt,
1883 1192 2057 1257 idola
2102 1190 2551 1276 destruantur3

403 1306 582 1370 aqua,
615 1282 956 1349 benedicta
1001 1282 1142 1368 fiat,
1214 1285 1283 1347 in
1328 1281 1575 1348 eisdem
1620 1283 1787 1348 fanis
1832 1291 2251 1369 aspergatur,
2318 1281 2557 1346 altaria

404 1381 880 1456 construantur,
945 1373 1254 1458 reliquiae
1315 1387 1653 1460 ponantur.
1749 1369 1946 1457 Quia,
2018 1373 2073 1434 si
2120 1371 2273 1435 fana
2320 1370 2555 1436 eadem

401 1463 569 1526 bene
615 1469 984 1525 constructa
1030 1471 1196 1544 sunt,
1251 1483 1515 1527 necesse
1563 1471 1682 1544 est,
1730 1470 1801 1526 ut
1849 1485 1887 1526 a
1934 1460 2111 1526 cultu
2156 1459 2555 1525 daemonum

401 1552 468 1614 in
515 1550 821 1636 obsequio
881 1550 1020 1614 ueri
1073 1548 1179 1614 dei
1232 1549 1515 1616 debeant
1569 1552 1985 1633 commutari3
2051 1558 2125 1613 ut
2171 1548 2325 1613 dum
2383 1571 2551 1634 gens

400 1641 542 1725 ipsa
588 1639 814 1704 eadem
856 1639 1008 1704 fana
1054 1662 1170 1704 sua
1213 1663 1342 1705 non
1389 1639 1566 1704 uidet
1611 1638 1873 1722 destrui,
1923 1639 2003 1704 de
2037 1636 2225 1702 corde
2259 1660 2554 1704 errorem

401 1727 701 1816 deponat,
749 1737 814 1793 et
861 1728 1052 1794 deum
1097 1751 1325 1794 uerum
1372 1750 1767 1813 cognoscens
1813 1751 1889 1793 ac
1936 1726 2211 1792 adorans
2259 1725 2342 1791 ad
2380 1727 2549 1813 loca,

402 1840 566 1902 quae
637 1819 1002 1902 consueuit,
1077 1817 1456 1883 familiarius
1521 1826 1880 1882 concurrat.
1976 1817 2058 1880 Et
2126 1817 2278 1902 quia
2345 1815 2551 1882 boues

402 1907 612 1970 solent
656 1907 724 1970 in
769 1906 1081 1972 sacrificio
1128 1908 1513 1972 daemonum
1558 1907 1794 1971 multos
1841 1904 2159 1988 occidere,
2210 1904 2407 1970 debet
2456 1909 2549 1970 eis

402 1997 600 2060 etiam
645 1994 765 2060 hac
811 1995 894 2062 de
939 2019 1012 2062 re
1059 1995 1273 2083 aliqua
1319 1995 1715 2060 sollemnitas
1760 1996 2119 2060 immutari:
2168 2003 2241 2058 ut
2288 1992 2395 2058 die
2440 1995 2551 2060 de-

401 2083 737 2150 dicationis
777 2085 884 2149 uel
928 2085 1215 2150 natalicii
1262 2094 1626 2149 sanctorum
1672 2093 2055 2170 martyrum,
2106 2104 2380 2168 quorum
2414 2084 2551 2149 illic

400 2176 712 2261 reliquiae
767 2185 1120 2263 ponuntur,
1175 2174 1595 2240 tabernacula
1641 2175 1764 2240 sibi
1810 2176 1983 2239 circa
2030 2172 2295 2239 easdem
2344 2175 2551 2239 eccle-

401 2266 546 2349 sias,
610 2286 778 2351 quae
825 2286 908 2329 ex
952 2264 1117 2329 fanis
1165 2272 1599 2329 commutatae
1646 2271 1813 2348 sunt,
1862 2264 1945 2335 de
1989 2264 2189 2328 ramis
2234 2263 2550 2328 arborum

403 2354 672 2438 faciant,
737 2361 804 2419 et
869 2354 1192 2438 religiosis
1253 2354 1562 2418 conuiuiis
1622 2352 2119 2418 sollemnitatem
2184 2350 2547 2436 celebrent3

398 2464 518 2507 nec
565 2440 817 2507 diabolo
863 2443 994 2507 iam
1049 2441 1352 2507 animalia
1405 2440 1765 2526 immolent,
1833 2441 1948 2506 sed
2003 2439 2087 2505 ad
2130 2441 2393 2506 laudem
2440 2440 2552 2506 dei

397 2532 464 2594 in
511 2554 622 2595 esu
669 2554 782 2597 suo
830 2531 1133 2597 animalia
1186 2531 1481 2598 occidant
1526 2541 1591 2596 et
1637 2530 1930 2596 donatori
1976 2532 2263 2595 omnium
2312 2529 2393 2595 de
2440 2553 2549 2619 sa7

397 2622 627 2685 tietate
679 2642 796 2685 sua
852 2622 1096 2704 gratias
1150 2620 1466 2686 referant:
1532 2623 1604 2684 ut
1650 2618 1801 2684 dum
1849 2622 1942 2685 eis
1989 2619 2209 2703 aliqua
2256 2621 2548 2685 exterius

399 2710 637 2795 gaudia
681 2718 1114 2793 reseruantur,
1162 2708 1245 2774 ad
1275 2711 1583 2774 interiora
1612 2708 1850 2792 gaudia
1880 2710 2244 2773 consentire
2292 2710 2549 2774 facilius

398 2797 676 2862 ualeant.
741 2797 917 2862 Nam
963 2798 1137 2862 duris
1183 2799 1507 2864 mentibus
1554 2798 1745 2863 simul
1791 2799 2009 2862 omnia
2054 2795 2396 2863 abscidere
2427 2800 2549 2863 im-

397 2886 702 2972 possibile
749 2909 889 2951 esse
935 2908 1061 2950 non
1109 2885 1375 2952 dubium
1424 2896 1555 2968 est,
1604 2889 1752 2973 quia
1799 2896 1867 2951 et
1919 2887 2005 2969 is,
2059 2887 2169 2972 qui
2217 2909 2550 2952 summum

397 2976 611 3039 locum
649 2974 1000 3041 ascendere
1030 2978 1274 3061 nititur,
1324 2975 1632 3061 gradibus
1663 2976 1767 3040 uel
1798 2976 2114 3061 passibus,
2163 2996 2293 3039 non
2323 2985 2551 3041 autem

398 3064 664 3129 saltibus
712 3065 1019 3129 eleuatur.
1113 3063 1224 3131 Sic
1268 3064 1625 3130 Israelitico
1672 3064 1908 3151 populo
1956 3066 2023 3128 in
2068 3062 2384 3149 Aegypto
2432 3065 2547 3130 do-

395 3155 607 3219 minus
665 3176 734 3219 se
793 3154 1049 3239 quidem
1106 3156 1411 3239 innotuit3
1483 3154 1597 3219 sed
1648 3162 1869 3218 tamen
1924 3156 2017 3217 eis
2079 3151 2549 3219 sacrificiorum

394 3267 568 3327 uSUS,
617 3265 785 3330 quae
831 3242 1085 3308 diabolo
1132 3243 1381 3308 solebat
1428 3243 1753 3326 exhibere,
1802 3244 1868 3306 in
1914 3242 2083 3307 culto
2129 3245 2396 3327 proprio
2444 3268 2547 3309 re-

397 3336 701 3417 seruauit,
749 3341 822 3397 ut
869 3333 959 3397 eis
1006 3334 1074 3398 in
1111 3354 1224 3396 suo
1273 3330 1583 3396 sacrificio
1630 3330 1933 3396 animalia
1976 3330 2312 3395 immolare
2358 3355 2550 3419 prae-

396 3423 666 3508 ciperet3
725 3432 1042 3508 quatenus
1089 3443 1199 3486 cor
1244 3430 1595 3505 mutantes,
1644 3419 1819 3485 aliud
1866 3419 1946 3485 de
1991 3419 2308 3485 sacrificio
2356 3425 2549 3486 amit-

393 3519 622 3595 terent,
669 3510 845 3576 aliud
889 3514 1268 3577 retinerent:
1315 3520 1389 3575 ut
1421 3510 1544 3574 etsi
1574 3511 1714 3595 ipsa
1746 3518 1961 3574 essent
2001 3508 2324 3592 animalia,
2375 3532 2550 3595 quae

397 3598 627 3664 offerre
674 3609 1169 3684 consueuerant,
1217 3621 1373 3665 uero
1420 3608 1639 3664 tamen
1685 3597 1805 3663 deo
1854 3597 2015 3663 haec
2060 3606 2126 3663 et
2170 3619 2303 3663 non
2348 3598 2547 3664 idolis

395 3689 828 3771 immolantes,
878 3691 1009 3755 iam
1056 3688 1373 3753 sacrificia
1415 3690 1560 3774 ipsa
1605 3708 1735 3752 non
1781 3696 2013 3756 essent.
2104 3686 2293 3751 Haec
2340 3690 2549 3773 igitur

294 3772 298 3777 ’
395 3775 815 3843 dilectionem
861 3787 1040 3844 tuam
1083 3775 1415 3863 praedicto
1462 3777 1647 3841 fratri
1700 3798 1961 3841 necesse
2010 3783 2109 3840 est
2160 3775 2412 3860 dicere,
2471 3787 2547 3843 ut

396 3868 534 3952 ipse
580 3866 647 3929 in
692 3869 1017 3952 praesenti
1063 3867 1192 3930 illic
1238 3868 1487 3951 positus
1532 3864 1917 3952 perpendat,
1987 3864 2265 3950 qualiter
2322 3868 2547 3933 omnia
