2723 4326
427 237 556 304 178
2234 235 2361 290 1111.
2398 236 2557 292 7—8.

418 413 622 496 illam,
680 434 805 499 qua
849 412 976 477 uiri
1019 411 1432 496 tenebantur,
1490 413 1860 494 inuasisset,
1917 419 1982 475 et
2026 413 2268 497 passim
2315 412 2558 478 cotidie

417 511 802 589 raperentur
862 500 946 565 ad
992 499 1347 584 dominum3
1411 501 1684 566 sollicita
1738 509 1947 564 mater
2007 502 2551 586 congregationiS,

419 613 547 678 qua
590 591 749 654 hora
795 591 990 655 etiam
1037 613 1182 654 eam
1229 591 1603 654 monasterii
1650 599 1932 676 partem,
1999 611 2128 674 qua
2172 591 2555 656 ancillarum

417 681 522 744 dei
569 688 830 744 caterua
873 702 914 744 a
958 681 1243 743 uirorum
1303 688 1444 744 erat
1503 687 1753 743 secreta
1812 679 2233 743 contubernio
2240 729 2259 764 ,
2323 679 2551 745 eadem

416 768 615 856 plaga
659 776 980 852 tangeret,
1029 766 1318 832 crebrius
1363 770 1429 831 in
1475 776 1793 832 conuentu
1841 789 2130 832 sororum
2177 772 2557 855 perquirere

418 859 651 944 coepit,
701 879 826 942 quo
852 857 979 922 loci
1022 857 1087 920 in
1134 857 1522 921 monasterio
1570 878 1839 942 corpora
1884 878 2001 921 sua
2044 859 2197 943 poni
2242 866 2309 922 et
2354 860 2555 946 cymi·

415 947 652 1011 terium
697 947 839 1011 fieri
883 945 1152 1029 uellent,
1212 968 1357 1009 curn
1406 967 1514 1010 eas
1563 943 1814 1025 eodem,
1870 966 1997 1030 quo
2042 954 2293 1010 ceteros
2342 957 2552 1012 exter·

416 1037 614 1100 minio
661 1037 907 1122 raptari
954 1057 993 1100 e
1035 1034 1272 1099 mundo
1328 1036 1753 1120 contingeret.
1848 1032 2141 1121 Cumque
2185 1036 2347 1100 nihil
2394 1038 2555 1100 certi

415 1126 729 1211 responsi,
777 1125 1040 1188 tametsi
1071 1125 1325 1210 saepius
1355 1124 1705 1210 inquirenS,
1752 1145 1793 1188 a
1818 1123 2143 1188 sororibus
2174 1125 2555 1212 accepisset,

416 1215 668 1299 accepit
714 1215 857 1298 ipsa
915 1234 1060 1276 cum
1121 1211 1418 1276 omnibus
1478 1214 1906 1276 certissimum
1968 1233 2281 1298 supernae
2339 1215 2556 1301 proui-

417 1305 612 1368 sionis
687 1323 1084 1388 responsum.
1189 1300 1354 1366 Cum
1425 1303 1594 1366 enim
1664 1310 1855 1366 nocte
1922 1301 2199 1388 quadam
2275 1303 2558 1389 expletis

417 1393 773 1457 matutinae
819 1389 1026 1455 laudis
1073 1388 1466 1476 psalmodiis,
1516 1411 1818 1474 egressae
1850 1389 1929 1454 de
1962 1393 2240 1455 oratorio
2270 1391 2555 1457 famulae

417 1479 686 1561 Christi,
743 1477 824 1542 ad
872 1479 1166 1565 sepulcra
1210 1478 1512 1562 fratrum,
1571 1480 1681 1564 qui
1728 1501 1836 1543 eas
1886 1499 1966 1543 ex
2010 1478 2131 1544 hac
2176 1479 2318 1544 luce
2364 1503 2552 1567 prae·

417 1577 761 1653 cesserant,
811 1569 1028 1633 solitas
1075 1567 1334 1632 domino
1380 1567 1604 1633 laudes
1651 1566 2089 1653 decantarent,
2138 1591 2289 1633 ecce
2337 1571 2552 1635 subito

412 1659 527 1724 lux
581 1657 815 1722 emissa
871 1657 1137 1722 caelitus
1192 1657 1394 1721 ueluti
1447 1657 1718 1722 linteum
1771 1679 2079 1742 magnum
2134 1659 2315 1725 uenit
2360 1681 2554 1747 super

418 1769 660 1830 omnes,
707 1755 1016 1831 tantoque
1063 1767 1172 1810 eas
1220 1755 1482 1832 stupore
1527 1745 1817 1832 perculit,
1866 1754 1938 1809 ut
1962 1748 2159 1810 etiam
2206 1749 2550 1831 canticum,

417 1834 587 1923 quod
634 1835 980 1912 canebant,
1043 1835 1465 1899 tremefactae
1523 1836 2042 1900 intermitterent.
2132 1834 2288 1922 Ipse
2332 1846 2552 1901 autem

417 1923 720 2011 splendor
781 1926 1052 1989 emissae
1110 1924 1299 2006 lucis,
1358 1926 1426 1988 in
1472 1924 1651 1988 cuius
1700 1925 2174 2009 comparatione
2220 1925 2316 1989 sol
2361 1927 2550 1990 meri·

415 2014 642 2080 dianus
672 2011 880 2078 uideri
911 2023 1129 2098 posset
1175 2014 1503 2097 obscurus,
1550 2035 1692 2077 non·
1709 2012 1909 2076 multo
1940 2022 2087 2099 post
2116 2013 2223 2077 illo
2262 2015 2550 2078 eleuatus

421 2102 502 2168 de
547 2103 715 2187 1000,
775 2103 845 2168 in
902 2100 1322 2167 meridianam
1383 2103 1756 2167 monasterii
1813 2111 2095 2188 partem,
2153 2103 2275 2168 hoc
2324 2111 2424 2168 est
2469 2101 2549 2167 ad

412 2191 809 2258 occidentem
863 2192 1146 2276 oratorii,
1193 2193 1475 2276 secessit,
1524 2192 1741 2277 ibique
1773 2192 2141 2277 aliquandiu
2186 2202 2549 2258 remoratus

411 2292 478 2347 et
523 2304 600 2347 ea
646 2281 788 2345 loca
847 2282 1173 2365 operiens,
1233 2282 1326 2345 sic
1385 2279 1752 2345 uidentibus
1810 2284 2055 2346 cunctis
2115 2280 2198 2345 ad
2256 2279 2424 2345 caeli
2480 2304 2547 2345 se

411 2372 546 2436 alta
591 2370 926 2452 subduxit3
973 2378 1046 2432 ut
1090 2368 1246 2435 nulli
1293 2378 1463 2434 esset
1509 2367 1793 2453 dubium,
1842 2371 1997 2455 quin
2026 2370 2169 2456 ipsa
2197 2370 2332 2453 lux,
2382 2392 2550 2457 quae

410 2462 660 2525 animas
706 2458 1096 2522 famularum
1144 2455 1384 2522 Christi
1445 2465 1614 2523 esset
1679 2456 1951 2523 ductura
2006 2460 2110 2524 uel
2168 2468 2549 2545 susceptura

409 2551 476 2613 in
524 2549 740 2630 caeliS,
789 2549 984 2611 etiam
1030 2546 1403 2633 corporibus
1450 2568 1668 2612 earum
1718 2546 1961 2631 locum,
2007 2550 2072 2611 in
2119 2569 2246 2633 quo
2293 2550 2548 2634 requie—

409 2648 555 2703 tura
579 2646 644 2701 et
669 2634 838 2700 diem
869 2638 1358 2701 resurrectionis
1384 2646 1598 2701 essent
1630 2644 2103 2722 exspectatura,
2135 2646 2544 2702 monstraret.

411 2726 612 2792 Cuius
658 2723 875 2789 radius
920 2725 1080 2789 lucis
1126 2733 1342 2789 tantus
1390 2728 1631 2809 extitit,
1679 2733 1751 2788 ut
1798 2723 2056 2811 quidam
2106 2724 2185 2790 de
2233 2726 2548 2792 fratribus

411 2816 642 2898 senior,
692 2816 802 2899 qui
831 2814 974 2900 ipsa
1017 2812 1178 2877 hora
1223 2816 1290 2877 in
1337 2816 1617 2878 oratorio
1665 2836 1886 2878 eorum
1934 2835 2080 2879 cum
2126 2813 2253 2878 alio
2298 2817 2551 2879 iuniore

409 2905 656 2991 positus
715 2903 954 2984 fuerat,
1016 2901 1291 2967 referret
1350 2924 1571 2985 mane,
1636 2901 1806 2987 quod
1865 2904 2141 2986 ingressi
2185 2926 2303 2989 per
2349 2904 2549 2969 rimas

412 2994 721 3057 ostiorum
752 2990 858 3056 uel
887 2991 1312 3055 fenestrarum
1341 2989 1507 3055 radii
1537 2991 1716 3076 lucis,
1767 3012 2020 3056 omnem
2053 2990 2264 3056 diurni
2286 2993 2548 3057 luminis

408 3080 784 3149 uiderentur
830 3102 1134 3166 superare
1180 3080 1519 3165 fulgorem.

1447 3310 1506 3374 8.

407 3466 581 3524 Vtin
607 3468 816 3524 eodem
851 3467 1231 3523 monasterio
1270 3465 1572 3535 puerulus
1609 3464 1882 3521 moriens
1918 3465 2255 3533 uirginem,
2297 3480 2458 3534 quae
2485 3481 2549 3523 se

408 3557 549 3611 erat
586 3557 901 3625 secutura,
942 3555 1334 3623 clamauerit3
1375 3554 1568 3623 utque
1606 3554 1734 3609 alia
1772 3556 1845 3610 «le
1885 3568 2147 3624 corpore
2186 3568 2549 3624 egressura,

773 3644 896 3699 iam
932 3643 1310 3712 particulam
1347 3642 1605 3699 futurae
1641 3643 1805 3699 lucis
1844 3643 2185 3712 aspexerit.

585 3786 747 3851 Erat
792 3790 858 3851 in
914 3787 1141 3854 eodem
1194 3791 1585 3854 monasterio
1642 3810 1804 3876 puer
1858 3789 2052 3852 trium
2108 3787 2367 3852 circiter
2422 3810 2551 3854 non

408 3874 680 3960 amplius
725 3896 1058 3961 annorum,
1106 3877 1346 3943 Aesica
1390 3880 1667 3962 nomine,
1717 3879 1827 3964 qui
1871 3885 2139 3965 propter
2184 3876 2546 3942 infantilem
