2723 4326
219 187 316 241 111.
359 187 446 242 25.
2231 187 2353 251 151

225 364 466 452 pascha
535 365 896 431 celebratis.
990 363 1222 428 Petrus
1269 386 1307 429 a
1353 365 1504 428 XV·
1549 364 1701 429 luna
1746 385 1949 452 usque
1993 364 2077 429 ad
2123 361 2359 428 XXI*

219 455 396 520 diem
442 453 721 541 paschae
767 451 1154 518 dominicum
1203 453 1600 537 celebrabat3
1658 452 1826 540 quod
1874 475 1986 518 uos
2030 475 2159 518 non
2203 454 2356 518 faci·

218 547 328 627 tis,
379 545 490 629 qui
536 565 575 606 a
619 539 858 607 XIIII·
894 564 1099 628 usque
1145 542 1227 607 ad
1258 542 1461 608 XX⁸¹¹¹
1490 545 1706 608 lunam
1756 541 1926 608 diem
1971 541 2360 608 dominicum

221 631 504 720 paschae
563 632 948 714 obseruatis3
1019 633 1114 697 ita
1157 640 1229 696 ut
1274 631 1468 697 XIII·
1511 632 1664 696 luna
1709 630 1793 696 ad
1838 653 2175 719 uesperam
2222 654 2357 696 sae·

223 724 368 809 pius
413 719 655 807 pascha
698 721 1049 808 incipiatis,
1113 723 1291 785 cuius
1337 743 1547 808 neque
1592 721 1697 786 lex
1743 720 1940 786 ullam
1984 720 2142 786 fecit
2182 741 2358 786 men-

215 813 498 893 tionem,
569 832 776 896 neque
821 819 1046 876 auctor
1089 833 1166 876 ac
1211 809 1400 876 dator
1446 809 1768 895 euangelii
1812 810 2101 875 dominus
2145 812 2213 875 in
2258 833 2355 894 ea,

213 898 335 965 sed
367 902 434 965 in
463 897 692 964 XIIII·
739 900 845 964 uel
897 908 1086 965 uetus
1127 900 1371 986 pascha
1414 899 1825 966 manducauit
1868 899 1950 963 ad
1995 921 2355 986 uesperam,

222 989 332 1055 uel
361 991 514 1053 noui
547 990 919 1054 testamenti
965 999 1371 1055 sacramenta
1399 990 1467 1054 in
1498 989 2176 1054 commemorationem
2204 1011 2359 1053 suae

219 1079 540 1166 passionis
573 1079 881 1143 ecclesiae
914 1077 1297 1143 celebranda
1325 1075 1611 1143 tradidit.
1675 1077 1844 1142 Item
1872 1077 2091 1142 lunam
2120 1077 2356 1164 XX1··‚

215 1189 422 1254 -quam
466 1167 576 1233 lex
621 1169 903 1232 maxime
949 1165 1403 1232 celebrandam
1448 1165 1943 1249 commendauit,
1990 1189 2031 1232 a
2074 1166 2356 1232 celebra-

217 1260 402 1322 tione
447 1257 648 1321 uestri
692 1255 972 1343 paschae
1018 1255 1304 1323 funditus
1352 1257 1722 1321 eliminatis:
1795 1258 2040 1344 sicque,
2087 1264 2158 1320 ut
2202 1255 2355 1340 dixi,

223 1348 294 1411 in
342 1345 774 1411 celebratione
819 1366 1108 1410 summae
1154 1347 1531 1411 festiuitatis
1574 1367 1785 1431 neque
1829 1345 2102 1410 Iohanni
2146 1367 2357 1432 neque

227 1435 422 1500 Petro
467 1455 677 1521 neque
720 1435 850 1520 legi
893 1455 1106 1520 neque
1153 1435 1487 1520 euangelio
1536 1433 1981 1503 concordatis.'

404 1522 529 1588 His
575 1531 798 1588 contra
841 1521 1218 1588 colmanus:
1285 1523 1661 1610 ‘Numquid'
1716 1525 1807 1588 ait
1856 1522 2214 1589 ‘Anatolius
2258 1525 2359 1588 uir

217 1621 484 1676 sanctus
533 1621 597 1676 et
642 1614 711 1677 in
756 1612 1048 1698 praefata
1094 1611 1358 1678 historia
1414 1613 1847 1678 ecclesiastica
1907 1614 2181 1678 multum
2224 1612 2358 1677 lau-

214 1700 411 1766 datus
459 1701 589 1785 legi
645 1701 753 1766 uel
816 1701 1152 1786 euangelio
1211 1703 1533 1767 contraria
1591 1703 1827 1788 sapuit,
1890 1703 2001 1787 qui
2044 1724 2084 1765 a
2128 1700 2358 1766 XIIII·

219 1811 428 1878 usque
472 1790 555 1854 ad
600 1787 800 1855 XX⁸¹²¹
843 1789 1084 1877 pascha
1131 1790 1585 1856 celebrandum
1632 1790 1935 1878 scripsit?
2024 1789 2357 1877 Numquid

223 1880 822 1944 reuerentissimum
851 1889 1107 1967 patrem
1136 1889 1425 1944 nostrum
1450 1878 1833 1945 Columbam
1858 1889 1923 1945 et
1956 1901 2357 1944 successores

213 1969 364 2033 «eius
407 1969 586 2032 uiros
631 1967 752 2032 deo
799 1967 1086 2052 dilectos,
1135 1970 1246 2054 qui
1277 1968 1505 2033 eodem
1536 1967 1727 2034 modo
1766 1967 2007 2057 pascha
2046 1968 2352 2054 fecerunt,

217 2055 460 2122 diuinis
513 2059 768 2145 paginis
824 2059 1145 2122 contraria
1198 2059 1487 2144 sapuisse
1537 2059 1645 2123 uel
1700 2059 1909 2143 egisse
1964 2056 2356 2122 credendum

215 2145 371 2212 est?
432 2168 580 2212 cum
623 2145 884 2235 plurimi
943 2146 1183 2213 fuerint
1227 2149 1294 2213 iu
1341 2149 1462 2231 eis,
1524 2170 1797 2234 quorum
1842 2148 2169 2212 sanctitati
2214 2170 2355 2212 cae·

213 2236 415 2301 lestia
473 2236 660 2322 signa
719 2246 783 2301 et
839 2238 1153 2302 uirtutum
1225 2259 1391 2323 quae
1449 2237 1741 2303 fecerunt
1800 2235 2107 2302 miracula
2179 2237 2356 2301 testi-

225 2328 515 2391 monium
571 2326 1037 2412 praebuerunt:
1100 2348 1260 2412 quos
1303 2328 1442 2413 ipsc
1494 2335 1750 2392 sanctos
1811 2348 1952 2392 esse
1998 2347 2125 2390 non
2173 2324 2355 2389 dubi-

213 2425 395 2498 tans,
458 2435 714 2500 semper
774 2437 996 2479 eorum
1051 2418 1282 2501 uitam,
1345 2437 1558 2481 mores
1607 2426 1671 2482 et
1718 2414 2117 2502 disciplinam
2178 2415 2358 2500 sequi

213 2526 355 2569 non
399 2501 682 2569 desist0.’

404 2590 497 2657 At
526 2590 869 2659 Vilfridus:
921 2589 1234 2658 ‘Constat’
1267 2594 1475 2679 inquit
1521 2592 1913 2658 ‘Anatolium
1960 2595 2167 2657 uirum
2218 2614 2356 2657 san-

219 2682 614 2766 ctissimum,
677 2680 1118 2747 doctissimum
1166 2705 1242 2746 ac
1285 2682 1475 2747 laude
1522 2704 1661 2748 esse
1707 2682 2181 2768 dignissimum3
2244 2681 2362 2747 sed

215 2768 383 2857 quid
428 2770 610 2835 uobis
661 2791 806 2835 cum
851 2770 979 2853 illo,
1029 2794 1174 2836 cum
1221 2793 1344 2837 nec
1392 2772 1526 2836 eius
1573 2771 1832 2837 decreta
1878 2772 2194 2837 seruetis‘?
2241 2770 2359 2836 llle

223 2861 401 2925 enim
447 2861 517 2924 in
570 2857 811 2944 pascha
875 2882 989 2924 suo
1057 2860 1350 2945 regulam
1414 2862 1639 2947 utique
1704 2862 1996 2926 ueritatis
2065 2882 2358 2947 sequens,

217 2950 536 3013 circulum
561 2947 630 3013 X
655 2958 724 3013 et
743 2946 952 3013 VIIII
981 2970 1296 3013 annorum
1341 2950 1574 3035 posuit,
1625 2971 1817 3035 quem
1862 2972 1977 3015 uos
2023 2959 2135 3015 aut
2180 2950 2357 3034 igno-

223 3038 383 3103 ratis
452 3045 565 3103 aut
623 3039 916 3121 agnitum
966 3047 1030 3102 et
1076 3060 1117 3103 a
1161 3048 1300 3105 tota
1345 3037 1587 3104 Christi
1634 3038 1905 3104 ecclesia
1973 3038 2358 3103 custoditum

217 3148 342 3213 pro
371 3126 574 3191 nihilo
607 3128 1034 3191 contemnitis.
1098 3126 1209 3192 Ille
1241 3129 1334 3193 sic
1366 3128 1435 3192 in
1464 3126 1703 3213 pascha
1736 3126 2052 3192 dominico
2084 3124 2359 3191 XIIII⁸¹¹¹

221 3216 445 3281 lunam
491 3217 907 3301 computauit‚
955 3225 1026 3280 ut
1071 3214 1238 3281 hanc
1283 3216 1511 3281 eadem
1559 3218 1699 3303 ipsa
1746 3216 1847 3281 die
1876 3236 2055 3281 more
2085 3213 2359 3301 Aegyp-

220 3306 466 3369 tiorum
496 3302 684 3368 va
712 3303 928 3369 lunam
959 3303 1044 3369 ad
1077 3326 1415 3392 uesperam
1462 3326 1603 3370 esse
1651 3304 1980 3370 fateretur.
2043 3302 2155 3371 Sic
2200 3306 2357 3368 item

216 3392 428 3459 ‘XXm
475 3393 580 3458 die
605 3393 920 3459 dominico
946 3393 1224 3479 paschae
1261 3393 1623 3476 adnotauit‚
1686 3402 1758 3457 ut
1816 3393 1980 3458 hanc
2038 3392 2359 3458 declinata

221 3481 455 3548 eadem
501 3482 608 3547 die
661 3504 802 3547 esse
846 3480 1084 3548 XXI⁸¹¹¹
1131 3483 1439 3548 crederet.
1534 3482 1732 3548 Cuius
1785 3481 2077 3567 regulam
2133 3481 2356 3547 distin-

223 3572 458 3637 ctionis
486 3592 602 3635 uos
632 3573 969 3656 ignorasse
1014 3572 1268 3658 probat,
1317 3571 1489 3658 quod
1518 3571 1859 3659 aliquoties
1890 3570 2131 3657 pascha
2160 3571 2359 3635 mani·

228 3659 578 3725 festissime
623 3672 774 3725 ante
817 3661 1258 3748 plenilunium,
1304 3661 1373 3726 id
1420 3669 1518 3727 est
1561 3662 1627 3725 in
1674 3658 1876 3726 XIII·
1904 3660 2074 3745 luna,
2123 3660 2354 3726 facitis.

227 3746 332 3813 De
377 3757 562 3837 patre
607 3758 824 3814 autem
867 3759 1086 3815 uestro
1119 3748 1435 3815 Columba
1466 3760 1531 3815 et
1575 3750 1956 3835 sequacibus
2004 3752 2157 3835 eius,
2206 3772 2357 3837 quo-

228 3859 371 3902 rum
437 3838 845 3905 sanctitatem
914 3862 1030 3904 uos
1091 3840 1335 3904 imitari
1394 3848 1460 3904 et
1519 3841 1811 3925 regulam
1871 3861 1948 3904 ac
2010 3848 2359 3929 praecepta
