2723 4326
469 227 554 290 32
2296 228 2342 280 Ι.
2380 228 2637 282 22—23.

1480 407 1587 470 22.

468 523 550 581 Vt
592 525 960 594 Brettones,
1009 526 1475 595 quiescentibus
1532 528 1609 582 ad
1662 527 1905 596 tenpus
1956 527 2195 582 exteris
2211 564 2232 595 ,
2292 528 2622 584 ciuilibus

471 610 605 653 sese
651 597 840 654 bellis
892 598 1719 726 contriuerint‚·soir=s:¹l.¹:tt·
1756 599 2097 654 moribus
2144 598 2420 666 flagitiis
2472 601 2631 655 sub-

647 795 909 860 Interea
947 793 1270 860 Brittania
1315 805 1634 860 cessatum
1682 795 1940 882 quidem
1986 804 2084 860 est
2126 818 2497 882 parumper
2550 797 2637 860 ab

470 886 774 967 externis,
821 883 937 948 sed
979 906 1110 948 non
1140 907 1182 949 a
1210 884 1508 950 ciuilibus
1554 884 1759 953 bellis.
1834 883 2192 948 Manebant
2222 887 2636 949 exterminia

471 974 806 1038 ciuitatum
849 973 934 1038 ab
980 973 1164 1038 hoste
1210 974 1574 1039 dirutarum
1618 997 1697 1038 ac
1740 973 2169 1056 desertarum3
2216 975 2628 1060 pugnabant

471 1072 696 1127 contra
738 1063 1047 1148 inuicem,
1105 1065 1216 1149 qui
1275 1063 1527 1128 hostem
1576 1071 1947 1146 euaserant,
1994 1064 2191 1130 ciues.
2282 1063 2627 1128 Attamen

469 1162 732 1216 recente
775 1149 984 1216 adhuc
1026 1154 1342 1216 memoria
1387 1153 1773 1217 calamitatis
1806 1162 1873 1217 et
1902 1151 2101 1216 cladis
2140 1151 2429 1218 inflictae
2482 1176 2625 1217 ser-

468 1241 712 1305 uabant
756 1251 1103 1326 utcumque
1147 1262 1371 1325 reges,
1420 1241 1814 1324 sacerdotes,
1860 1242 2101 1328 priuati
2144 1252 2211 1306 et
2258 1242 2627 1326 optimates

471 1349 658 1394 suum
704 1330 940 1415 quique
984 1325 1293 1394 ordinem.
1387 1328 1479 1394 At
1530 1329 1656 1394 illis
1700 1329 2187 1414 decedentibus,
2248 1352 2402 1394 cum
2468 1354 2622 1396 suc-

471 1420 768 1482 cessisset
797 1428 974 1483 aetas
1006 1419 1408 1504 tempestatis
1438 1417 1609 1484 illius
1638 1421 1876 1502 nescia,
1910 1429 1975 1484 et
2004 1421 2363 1505 praesentis
2396 1421 2625 1484 solum

473 1508 835 1571 serenitatis
881 1516 1122 1571 statum
1167 1516 1457 1594 experta,
1502 1509 1595 1572 ita
1625 1519 1859 1572 cuncta
1889 1510 2179 1573 ueritatis
2209 1531 2288 1572 ac
2316 1510 2623 1574 iustitiae

472 1593 911 1660 moderamina
951 1618 1264 1661 concussa
1307 1619 1386 1662 ac
1441 1597 1753 1662 subuersa
1810 1595 1989 1678 sunt,
2050 1607 2125 1660 ut
2182 1619 2409 1662 earnm
2480 1621 2622 1663 non

472 1683 683 1750 dicam
740 1688 1113 1770 uestigium,
1175 1685 1290 1750 sed
1347 1708 1431 1750 ne
1491 1688 1804 1751 memoria
1860 1683 2151 1774 quidem,
2214 1697 2487 1772 praeter
2552 1689 2621 1751 in

471 1776 694 1861 paucis
741 1783 805 1838 et
849 1774 1038 1840 ualde
1084 1777 1306 1860 paucis
1349 1775 1482 1839 ulla
1511 1783 1872 1862 appareret.
1946 1773 2075 1854 Qui
2119 1776 2288 1840 inter
2332 1776 2467 1840 alia
2516 1779 2615 1840 in·

474 1862 930 1928 enarrabilium
961 1865 1276 1929 scelerum
1303 1862 1498 1948 facta,
1548 1887 1713 1950 quae
1742 1863 2083 1930 historicus
2114 1886 2340 1928 eorum
2372 1862 2617 1929 Gildas

473 1952 671 2018 flebili
716 1975 1008 2018 sermone
1053 1952 1389 2036 describit,
1440 1961 1506 2018 et
1548 1953 1672 2018 hoc
1716 1951 2074 2036 addebant,
2128 1961 2202 2016 ut
2244 1974 2613 2040 numquam

474 2043 656 2126 genti
701 2040 1031 2108 Saxonum
1086 2043 1223 2106 siue
1265 2039 1657 2126 Aug-lorum,
1716 2065 1936 2107 secum
1980 2040 2371 2107 Brittaniam
2431 2047 2613 2108 inco·

470 2130 655 2215 lenti,
713 2132 983 2198 uerbum
1027 2129 1180 2197 fidei
1224 2128 1657 2219 praedicando
1704 2133 2199 2197 committerent.
2294 2129 2432 2198 Sed
2479 2155 2615 2198 non

471 2230 694 2287 tamen
739 2219 958 2287 diuina
999 2224 1205 2307 pietas
1249 2221 1509 2308 plebem
1554 2244 1767 2305 suam,
1823 2242 2017 2309 quam
2073 2224 2451 2307 praesciuit,
2504 2221 2609 2287 de-

472 2312 696 2389 seruit,
757 2311 910 2396 quin
962 2310 1166 2375 multo
1213 2308 1537 2394 digniores
1582 2313 1761 2394 genti
1806 2319 2205 2377 memoratae
2250 2333 2612 2397 praecones

468 2401 781 2483 ueritatis,
830 2423 948 2486 per
995 2422 1155 2486 quos
1200 2398 1525 2483 crederet,
1573 2400 1937 2466 destinauit.

1400 2652 1411 2665 .
1491 2596 1596 2659 23.

467 2717 550 2773 Vt
595 2716 845 2771 sanctus
888 2731 1049 2785 papa
1099 2714 1441 2783 Gregorius
1495 2716 1911 2783 Augustiana
1965 2732 2103 2774 cum
2150 2719 2473 2773 monachis
2526 2719 2599 2774 acl

470 2787 950 2856 praedicandum
985 2788 1160 2854 genti
1185 2787 1525 2855 Anglornm
1556 2788 1839 2856 mittens,
1877 2787 2151 2856 epistula
2177 2803 2423 2857 qnoque
2450 2790 2599 2845 illos

567 2857 1030 2926 exhortatoria,
1067 2873 1145 2913 ne
1182 2874 1218 2913 a
1252 2858 1594 2914 laborando
1633 2859 1974 2929 cessarent,
2014 2860 2505 2917 confortauerit.

654 2981 986 3070 Siquidem
1032 3006 1198 3048 anno
1243 2984 1327 3049 ab
1357 2986 1796 3049 incarnatione
1834 2985 2077 3050 domini
2120 2983 2601 3052 D⁰LXXX⁰II⁰

471 3072 824 3139 Mauricius
867 3075 952 3139 ab
982 3071 1280 3157 Augusto
1327 3076 1897 3160 quinquagesimus
1944 3083 2211 3159 quartus
2255 3077 2598 3162 imperium

473 3165 844 3250 suscipiens,
890 3164 1124 3247 uiginti
1163 3172 1230 3227 et
1273 3184 1402 3226 uno
1447 3165 1629 3227 annis
1675 3165 1901 3227 tenuit.
1978 3162 2177 3228 Cuius
2216 3185 2385 3228 anno
2415 3167 2600 3251 regni

472 3252 722 3317 decimo
793 3249 1154 3338 Gregorius
1233 3254 1336 3315 nir
1407 3250 1695 3317 doctrina
1764 3260 1829 3316 et
1894 3254 2150 3317 actione
2216 3256 2599 3341 praecipuus

435 3356 442 3363 ’
473 3340 916 3430 pontificatum
960 3342 1292 3405 Romanae
1338 3349 1405 3404 et
1448 3342 1837 3427 apostolicae
1896 3339 2068 3405 sedis
2122 3343 2387 3406 sortitus
2435 3345 2599 3408 rexit

474 3452 674 3495 annos
719 3428 918 3513 XIII,
963 3453 1217 3495 menses
1249 3430 1340 3495 VI
1370 3438 1439 3493 et
1469 3430 1606 3495 dies
1648 3430 1735 3496 X.
1812 3428 1942 3509 Qui
1974 3430 2191 3495 diuino
2236 3430 2596 3496 admonitus

476 3522 782 3584 instinctu
827 3542 994 3585 anno
1027 3518 1274 3585 decimo
1309 3529 1539 3605 quarto
1585 3519 1869 3584 eiusdem
1916 3521 2241 3606 principis,
2290 3519 2596 3587 aduentus

474 3631 632 3673 uero
685 3608 1048 3693 Anglorum
1108 3610 1179 3673 in
1231 3606 1622 3699 Brittaniam
1692 3630 1857 3672 anno
1918 3611 2174 3673 circiter
2236 3605 2370 3673 CL.
2434 3613 2599 3675 misit

477 3719 735 3766 seruum
764 3697 866 3761 dei
895 3696 1331 3783 Augustinum
1379 3707 1446 3761 et
1490 3698 1646 3762 alios
1692 3698 1910 3783 plures
1954 3720 2101 3763 cum
2132 3720 2209 3763 eo
2252 3700 2595 3763 monachos

476 3787 778 3851 timentes
808 3783 1136 3851 dominum
1167 3784 1541 3873 praedicare
1570 3788 1844 3851 uerbum
1874 3785 1977 3851 dei
2010 3788 2189 3870 genti
2219 3785 2594 3873 Anglorum.

476 3873 605 3954 Qui
653 3897 799 3938 cum
845 3876 1032 3938 iussis
1090 3873 1566 3961 pontificalibus
1612 3875 2128 3963 obtemperantes
2171 3888 2591 3943 memoratum
