2723 4326
161 234 245 286 V.
295 234 378 287 24.
2189 238 2314 301 285

1200 606 1304 669 24.

334 780 801 850 Becapitulatio
840 781 1134 837 chronica
1170 781 1370 835 totius
1411 781 1650 851 oper1s3
1698 784 1763 838 et
1799 784 1873 838 de
1911 797 2177 852 persona

1104 869 1406 926 auctoris.

365 1031 614 1096 Verum
648 1055 742 1116 ea,
792 1055 957 1119 quae
1002 1042 1367 1119 temporum
1415 1032 1818 1098 distinctione
1849 1034 2038 1099 latius
2069 1034 2319 1119 digesta

168 1128 361 1204 sunt,
432 1121 513 1185 ob
572 1124 949 1186 memoriam
1005 1121 1511 1187 conseruandam
1568 1124 1854 1188 breuiter
1908 1123 2320 1209 recapitulari

166 1210 444 1297 placuit.

365 1296 556 1364 Anno
603 1301 802 1385 igitur
847 1308 993 1364 ante
1049 1302 1557 1365 incarnationem
1615 1300 2001 1365 dominicam
2051 1323 2318 1386 sexage-

170 1389 349 1451 simo
397 1384 602 1452 Gaius
649 1388 851 1453 Iulius
898 1387 1137 1453 Caesar
1189 1391 1436 1476 primus
1490 1388 1924 1454 Romanorum
1969 1390 2318 1454 Brittanias

169 1477 354 1541 bello
401 1478 683 1562 pulsauit
728 1487 793 1541 et
836 1478 1023 1561 uicit,
1079 1500 1199 1543 nec
1246 1488 1463 1543 tamen
1506 1479 1597 1543 ibi
1642 1501 1912 1563 regnum
1958 1480 2168 1566 potuit
2213 1479 2319 1543 ob—

169 1567 412 1630 tinere.

366 1654 556 1719 Anno
601 1654 683 1720 ab
730 1655 1167 1720 incarnatione
1212 1656 1454 1721 domini
1477 1655 1723 1721 XLVI.
1753 1655 2056 1721 Claudius
2102 1678 2320 1721 secun—

174 1743 307 1808 dus
353 1742 787 1809 Romanorum
828 1744 1183 1809 Brittanias
1230 1743 1452 1809 adiens
1498 1745 1839 1832 plurimam
1885 1734 2132 1809 insulae
2175 1768 2318 1831 par-

174 1843 322 1898 tem
368 1834 433 1895 in
480 1831 868 1899 deditionem
936 1834 1210 1921 recepit,
1278 1844 1343 1899 et
1403 1831 1691 1899 Orcadas
1762 1856 2015 1921 quoque
2078 1836 2318 1899 insulas

170 1923 478 1987 Romano
522 1921 758 1987 adiecit
801 1924 1095 2028 imperio.

364 2011 555 2075 Anno
623 2013 1080 2076 incarnationis
1158 2009 1518 2076 dominicae
1589 2009 1927 2079 CLXVII.
2007 2012 2319 2078 Eleuther

172 2096 569 2204 Rom[an]ae
587 2100 845 2187 praesul
866 2100 1076 2166 factus
1096 2099 1230 2165 XV
1254 2123 1452 2166 annos
1487 2101 1823 2166 ecclesiam
1859 2101 2318 2186 gloriosissime

174 2191 373 2273 rexit,
424 2191 527 2254 cui
568 2191 817 2256 litteras
862 2213 980 2256 rex
1024 2191 1386 2255 Brittaniae
1416 2189 1656 2254 Lucius
1702 2192 1983 2275 mittens,
2033 2200 2104 2254 ut
2137 2189 2318 2255 Chri-

178 2280 433 2343 stianus
480 2278 863 2365 efficeretur,
912 2282 1102 2366 petiit
1148 2289 1213 2344 et
1256 2281 1624 2366 inpetrauit.

361 2366 555 2433 Anno
584 2369 667 2434 ab
699 2370 1136 2434 incarnatione
1167 2369 1412 2434 domini
1438 2366 1984 2433 CLXXXVIIII.
2036 2364 2316 2433 Seuerus

179 2459 540 2542 imperator
608 2458 817 2522 factus
862 2456 1068 2522 XVII
1114 2461 1295 2522 annis
1358 2459 1685 2543 regnauit,
1757 2460 1867 2543 qui
1928 2456 2318 2522 Brittaniam

179 2546 359 2611 uallo
406 2569 447 2610 a
494 2549 657 2610 mari
703 2568 906 2632 usque
952 2546 1035 2611 ad
1080 2568 1258 2612 mare
1304 2549 1720 2634 praecincxit.

370 2633 559 2700 Anno
608 2634 1101 2702 CCCLXXXI.
1167 2635 1492 2700 Maximus
1557 2639 1622 2700 in
1684 2635 2007 2699 Brittania
2070 2644 2323 2700 creatus

186 2726 545 2810 imperator
590 2727 657 2788 in
704 2723 985 2792 Galliam
1034 2727 1290 2790 transiit
1336 2735 1403 2790 et
1449 2723 1837 2791 Gratianum
1881 2723 2224 2791 interfecit.

363 2811 555 2878 Anno
604 2811 1057 2879 CCCCVIIII.
1117 2815 1326 2879 Roma
1372 2838 1410 2878 a
1458 2812 1690 2878 Gothis
1758 2812 1990 2896 fracta,
2063 2835 2144 2877 ex
2193 2836 2318 2900 quo

184 2912 485 2988 tempore
530 2901 807 2968 Romani
850 2905 917 2967 in
964 2903 1287 2968 Brittania
1332 2924 1608 2988 regnare
1656 2912 2000 2966 cessarunt.

366 2991 555 3056 Anno
581 2990 1033 3058 CCCCXXX.
1082 2991 1409 3057 Palladius
1455 2991 1538 3056 ad
1586 2989 1844 3057 Scottos
1891 2992 1957 3055 in
1994 2991 2325 3057 Christum

188 3078 525 3146 credentes
571 3104 612 3145 a
657 3080 1019 3146 Caelestino
1065 3104 1325 3169 papap
1282 3083 1528 3167 primus
1573 3081 1851 3144 mittitur
1896 3081 2253 3166 episcopua.

367 3169 557 3234 Anno
604 3167 1177 3237 CCCCXLVHII.
1264 3169 1635 3234 Marcianus
1683 3189 1830 3232 cum
1875 3165 2326 3233 Valentiniano

188 3260 530 3345 imperium
579 3261 931 3346 suscipiens
977 3257 1112 3323 VII
1158 3260 1343 3323 annis
1389 3261 1623 3342 tenuit,
1695 3279 1966 3343 quorum
2034 3265 2325 3343 tempore

194 3347 396 3432 Angli
441 3370 481 3411 a
525 3347 943 3413 Brettonibus
990 3348 1283 3412 arcessiti
1325 3347 1716 3413 Brittaniam
1762 3345 2081 3410 adierunt.

370 3435 561 3501 Anno
588 3435 717 3500 DX
724 3435 1055 3502 XXVIII
1107 3436 1360 3523 eclipsis
1394 3437 1544 3502 solis
1590 3436 1766 3501 facta
1797 3442 1896 3500 est
1925 3432 2162 3502 XIIII.
2193 3433 2325 3498 Ka-

191 3525 413 3591 lendas
456 3525 729 3592 Martias
774 3527 857 3592 ab
902 3524 1063 3591 hora
1105 3528 1317 3612 prima
1363 3547 1566 3612 usque
1613 3523 1695 3589 ad
1739 3524 2020 3588 tertiam.

374 3614 561 3680 Anno
593 3614 797 3681 DXL.
847 3617 1123 3702 eclypsis
1155 3615 1305 3679 solis
1336 3615 1510 3680 facta
1539 3612 1700 3679 XII.
1734 3611 2063 3678 Kalendas
2110 3611 2326 3697 IuliaS,

198 3712 261 3767 et
316 3714 757 3790 apparuerunt
816 3705 1037 3770 stellae
1095 3725 1262 3792 pene
1324 3704 1486 3769 hora
1546 3701 1812 3769 dimidia
1870 3703 1953 3767 ab
1998 3701 2158 3767 hora
2203 3702 2328 3767 diei

194 3794 401 3857 tertia.

371 3880 560 3947 Anno
606 3878 960 3948 DXLVII.
1038 3883 1149 3947 Ida
1195 3904 1475 3968 regnare
1522 3882 1762 3968 coepit,
1829 3903 1871 3945 a
1916 3903 2042 3967 quo
2088 3882 2326 3966 regalis
