2723 4326
436 226 564 289 270
2369 228 2436 280 V.
2482 230 2577 283 21.

435 424 652 466 secum
686 423 793 465 eos
827 422 1099 487 quoque,
1149 404 1258 489 qui
1291 404 1413 467 sibi
1445 406 1767 468 commissi
1801 414 1964 489 sunt,
2015 405 2327 491 exemplis
2375 408 2579 470 simul

434 500 500 554 et
546 492 927 555 auctoritate
972 491 1350 556 instituant?

611 578 799 644 ‘Tres
831 588 977 643 sunt
1008 603 1163 665 ergo
1196 582 1461 666 regulae
1507 585 1705 646 sacris
1750 582 1988 648 inditae
2033 583 2287 664 litteris,
2335 584 2580 668 quibus

431 670 708 754 paschae
755 669 1122 734 celebrandi
1169 680 1424 756 tempus
1469 672 1654 735 nobis
1701 671 2129 757 praefinitum,
2178 672 2352 736 nulla
2381 695 2573 757 pror·

432 780 538 821 sus
598 758 878 822 humana
938 760 1085 823 licet
1142 762 1526 824 auctoritate
1585 761 1850 845 mutari3
1915 784 1949 826 e
1996 761 2228 847 quibus
2287 761 2453 825 duae
2503 764 2576 825 in

431 847 577 931 lege
622 846 791 910 Mosi
847 845 1153 912 diuinitus
1208 858 1516 932 statutae,
1576 851 1767 913 tertia
1811 851 1880 914 in
1924 850 2260 934 euangelio
2307 873 2426 936 per
2477 851 2576 915 ef-

432 935 673 999 fectum
719 934 1074 1001 dominicae
1120 938 1433 1023 passionis
1482 947 1546 1003 et
1591 940 2076 1004 resurrectionis
2110 937 2411 1004 adiuncta
2444 946 2570 1003 est.

430 1024 769 1110 Praecepit
814 1028 983 1089 enim
1027 1027 1152 1110 leX,
1200 1036 1271 1090 ut
1317 1027 1557 1113 pascha
1601 1030 1808 1114 primo
1839 1050 2062 1093 mense
2094 1030 2243 1093 anni
2275 1037 2339 1091 et
2369 1030 2574 1092 tertia

432 1112 719 1177 eiusdem
777 1117 1016 1179 mensis
1076 1117 1464 1201 septimana,
1525 1114 1590 1180 id
1637 1126 1735 1180 est
1782 1140 1819 1180 a
1867 1120 2090 1202 quinta
2148 1117 2400 1181 decima
2461 1116 2571 1181 die

430 1224 632 1288 usque
679 1200 760 1267 ad
807 1207 1177 1268 uicesimam
1225 1206 1529 1290 primam,
1586 1203 1729 1269 fieri
1774 1204 2064 1271 deberet:
2128 1205 2418 1270 additum
2467 1215 2572 1269 est

430 1314 543 1376 per
602 1293 1062 1355 institutionem
1122 1294 1538 1377 apostolicam
1605 1317 1687 1358 ex
1749 1296 2084 1378 euangelio
2096 1346 2114 1378 ,
2175 1304 2246 1358 ut
2299 1295 2367 1357 in
2419 1296 2570 1380 ipsa

429 1382 623 1444 tertia
668 1382 1029 1466 septimana
1076 1381 1245 1446 diem
1291 1380 1682 1447 dominicam·
1741 1394 2084 1469 expectare
2132 1393 2325 1469 atque
2371 1385 2436 1447 in
2489 1406 2569 1447 ea

428 1470 738 1554 temporis
785 1470 1099 1554 paschalis
1145 1472 1399 1535 initium
1445 1480 1665 1537 tenere
1711 1472 2080 1538 debeamus.
2145 1471 2356 1551 Quam
2387 1472 2567 1536 uide-

428 1557 578 1621 licet
607 1558 898 1641 regulam
931 1560 1289 1624 triformem
1321 1562 1608 1646 quisquis
1639 1562 1762 1625 rite
1795 1561 2187 1645 custodierit,
2233 1583 2568 1646 nunquam

429 1648 496 1709 in
550 1646 957 1713 adnotatione
1013 1648 1161 1712 festi
1215 1649 1533 1736 paschalis
1590 1652 1848 1715 errabit.
1944 1650 2189 1715 Verum
2235 1653 2290 1714 si
2335 1648 2413 1713 de
2463 1650 2565 1714 his

428 1736 697 1821 singulis
764 1738 1155 1802 enucleatius
1204 1762 1278 1801 ac
1324 1738 1514 1803 latius
1561 1738 1782 1803 audire
1829 1739 2183 1823 desideras,
2249 1740 2566 1825 scriptum

428 1833 524 1887 est
570 1828 631 1889 in
679 1826 934 1907 Exodo,
990 1825 1102 1890 ubi
1145 1827 1513 1893 liberandus
1560 1827 1641 1892 de
1686 1829 1991 1914 Aegypto
2038 1828 2310 1914 populus
2355 1826 2567 1891 Israel

428 1918 708 1998 primum
763 1914 1001 1999 pascha
1054 1916 1269 1981 facere
1326 1917 1612 2000 iubetur,
1681 1919 1832 2003 quia
1879 1916 2110 2003 (Exod.
2164 1919 2272 2001 12,
2327 1914 2559 2002 1—3):

433 2005 709 2091 „dixerit
756 2004 1047 2069 dominus
1094 2006 1174 2069 ad
1221 2005 1494 2092 Moysen
1527 2016 1589 2070 et
1619 2006 1868 2071 Aaron:
1918 2003 2160 2070 Mensis
2206 2009 2330 2069 iste
2375 2007 2562 2069 uobis

428 2094 813 2182 principium
865 2096 1181 2158 mensium
1227 2096 1474 2182 primus
1521 2097 1641 2159 erit
1691 2098 1752 2159 in
1799 2097 2123 2160 mensibus
2169 2096 2338 2162 anni.
2431 2094 2558 2159 Lo-

429 2186 697 2270 quimini
743 2182 826 2248 ad
871 2186 1240 2248 uniuersum
1274 2194 1528 2249 coetum
1568 2184 1842 2249 filiorum
1874 2185 2082 2250 Israel
2113 2194 2177 2250 et
2209 2185 2404 2249 dicite
2437 2187 2559 2248 eis:

429 2275 702 2338 Decima
749 2271 853 2337 die
900 2275 1135 2337 mensis
1180 2273 1368 2337 huius
1422 2275 1606 2338 tollat
1659 2277 2095 2360 unusquisque
2149 2297 2388 2360 agnum
2444 2296 2566 2358 per

430 2363 704 2427 familias
752 2373 816 2426 et
863 2361 1085 2425 domos
1131 2359 1339 2427 suas.“
1384 2363 1472 2426 Et
1517 2363 1709 2449 paulo
1756 2374 1902 2450 post
1934 2362 2068 2449 (12,
2104 2361 2200 2450 6):
2254 2363 2382 2449 „Et
2429 2384 2562 2426 ser-

429 2452 663 2515 uabitis
696 2474 840 2514 eum
868 2472 1069 2535 usque
1097 2449 1180 2514 ad
1209 2461 1503 2536 quartam
1552 2450 1867 2517 decimam
1896 2453 2067 2516 diem
2086 2455 2322 2516 mensis
2341 2451 2559 2533 huius3

429 2540 914 2624 immolabitque
961 2561 1105 2602 eum
1154 2543 1456 2604 uniuersa
1509 2540 1850 2606 multitudo
1902 2541 2180 2606 filiorum
2225 2540 2431 2604 Israel
2479 2539 2563 2603 ad

428 2625 827 2715 uesperam.“
898 2625 1145 2704 Quibus
1190 2630 1408 2694 uerbis
1453 2630 1972 2694 manifestissime
2037 2639 2316 2712 constat,
2389 2629 2564 2714 quod

429 2721 521 2782 ita
564 2721 632 2783 in
680 2718 1125 2782 obseruatione
1171 2717 1456 2804 paschali
1502 2721 1738 2783 mentio
1786 2717 1858 2782 fit
1903 2719 2032 2784 diei
2080 2728 2345 2803 quartae
2392 2719 2562 2781 deci-

430 2829 600 2890 mae,
667 2816 739 2870 ut
794 2829 921 2871 non
980 2815 1199 2870 tamen
1245 2809 1311 2870 in
1356 2809 1498 2893 ipsa
1558 2807 1660 2872 die
1721 2817 1950 2893 quarta
2008 2805 2258 2872 decima
2316 2806 2562 2892 pascha

428 2895 569 2958 fieri
631 2897 1089 2980 praecipiatur3
1157 2895 1269 2959 sed
1336 2897 1721 2960 adueniente
1779 2897 2041 2960 tandem
2099 2917 2374 2981 uespera
2431 2893 2559 2958 diei

430 2993 695 3070 quartae
740 2984 1045 3066 decimae,
1096 2983 1159 3047 id
1193 2994 1289 3048 est
1322 2987 1550 3070 quinta
1579 2984 1830 3050 decima
1873 2985 2042 3064 luna,
2091 3006 2256 3070 quae
2303 2983 2560 3048 initium

426 3075 657 3137 tertiae
688 3075 1085 3160 septimanae
1116 3073 1329 3157 faciat,
1379 3075 1444 3136 in
1477 3075 1636 3138 caeli
1667 3075 1899 3138 faciem
1930 3072 2302 3160 prodeunte,
2348 3093 2557 3155 agnus

426 3163 747 3227 immolari
790 3162 1112 3227 iubeatur:
1162 3172 1226 3226 et
1273 3163 1442 3247 quod
1473 3165 1614 3249 ipsa
1660 3165 1744 3227 sit
1787 3185 1918 3226 nox
1962 3163 2221 3249 quintae
2268 3160 2558 3226 decimae

423 3253 634 3335 lunae,
683 3253 747 3315 in
795 3274 921 3337 qua
964 3252 1285 3337 percussis
1330 3251 1675 3337 Aegyptiis
1708 3250 1911 3316 Israel
1957 3261 2054 3316 est
2099 3271 2153 3316 a·
2185 3251 2379 3334 longa
2425 3272 2554 3314 ser-

426 3342 631 3406 uitute
662 3340 1007 3404 redemtus,
1064 3337 1191 3426 „Se
1241 3337 1410 3404 tem“
1460 3343 1669 3426 inquit
1715 3338 1947 3426 (Exod.
1985 3341 2087 3422 12,
2125 3339 2236 3426 1-5)
2288 3339 2557 3426 „diebus

426 3452 659 3516 azyma
705 3427 1114 3493 comedetis.“
1189 3363 1438 3505 &uibus
1483 3432 1638 3494 item
1685 3430 1900 3494 uerbis
1945 3438 2082 3493 tota
2127 3431 2320 3492 tertia
2365 3430 2558 3513 septi-

425 3541 617 3583 mana
687 3517 971 3582 eiusdem
1034 3519 1228 3603 primi
1291 3521 1528 3583 mensis
1592 3517 1956 3582 decernitur
2025 3518 2351 3582 sollemnis
2416 3539 2557 3580 esse

426 3607 682 3672 debere.
748 3605 880 3671 Sed
909 3630 991 3670 ne
1037 3617 1410 3692 putaremus
1459 3607 1714 3672 easdem
1763 3616 2011 3694 septem
2059 3605 2191 3670 dies
2239 3629 2278 3671 a
2325 3614 2558 3691 quarta

426 3694 677 3759 decima
722 3717 922 3780 usque
968 3695 1049 3760 ad
1095 3698 1473 3760 uicesimam
1519 3719 1656 3761 esse
1705 3695 2190 3782 computandas,
2253 3696 2554 3759 continuo

431 3783 747 3847 subiecit:
874 3784 986 3870 „In
1082 3785 1186 3850 die
1277 3787 1486 3872 primo
1578 3808 1704 3850 non
1797 3787 1918 3849 erit
2008 3785 2397 3850 fermentum
2487 3785 2554 3846 in

429 3869 722 3934 domibus
812 3875 1061 3937 uestris.
1202 3873 1605 3960 Quicumque
1699 3875 2050 3940 comederit
2140 3873 2550 3956 fermentum,
