2723 4326
197 210 344 264 ιι
2303 213 2341 276 5

1030 1043 1523 1124 BAEDAE

361 1273 1034 1377 HISTORIA
1099 1273 2183 1376 EOOLESIASTIOA

783 1532 1134 1606 GENTIS
1191 1532 1753 1606 ANGLORVM.

927 1899 1204 1970 LIBER.
1248 1899 1621 1970 PRIMVS.

1241 2075 1298 2137 1.

223 2217 314 2271 De
353 2214 484 2270 sltu
527 2214 884 2269 Brittaniae
919 2214 1024 2269 uel
1062 2214 1400 2272 Hiberniae
1439 2214 1503 2269 et
1539 2214 1769 2283 priscis
1804 2228 2015 2269 earum
2056 2214 2305 2271 ineoliS.

380 2342 706 2407 Brittania
751 2340 997 2409 Oceani
1042 2342 1268 2425 insula,
1317 2343 1420 2406 eui
1468 2340 1787 2427 quondam
1816 2340 2055 2407 Albion
2098 2364 2330 2407 nomen

199 2432 352 2516 fuit,
415 2434 584 2495 inter
628 2434 1130 2518 septentrionem
1179 2440 1244 2496 et
1289 2430 1689 2495 occidentem
1735 2433 1944 2496 locata
1990 2440 2117 2515 est,
2168 2430 2330 2497 Ger-

199 2521 486 2604 maniae,
537 2518 823 2605 Galliae,
873 2518 1258 2607 Hispaniae,
1305 2522 1605 2585 maximis
1652 2520 1953 2607 Europae
2017 2520 2326 2607 partibus,

201 2610 403 2675 multo
435 2610 773 2674 interuallo
805 2607 1092 2675 aduersa.
1172 2607 1356 2687 Quae
1398 2632 1514 2695 per
1552 2609 1730 2673 milia
1760 2632 2063 2695 passuum
2093 2607 2330 2674 DCCC

199 2702 268 2763 in
323 2697 604 2763 Boream
663 2698 888 2782 longa,
954 2698 1309 2763 latitudinis
1372 2698 1571 2764 habet
1628 2698 1805 2763 milia
1852 2696 1997 2783 CO,
2045 2702 2330 2785 exceptis

202 2787 520 2854 duntaxat
563 2787 1012 2873 prolixioribus
1059 2787 1459 2852 diuersorum
1499 2789 2083 2874 promuntoriorum
2113 2790 2331 2854 tracti-

201 2876 349 2960 bus,
401 2877 634 2962 quibus
680 2875 986 2959 efficitur,
1051 2886 1123 2941 ut
1170 2878 1471 2941 circuitus
1520 2879 1654 2941 eius
1701 2878 2085 2962 quadragies
2134 2880 2331 2943 octies

201 2968 618 3052 septuaginta
681 2968 961 3052 quinque
1028 2967 1205 3031 milia
1269 2966 1607 3053 compleat.
1701 2964 1921 3031 Habet
1979 2990 2020 3032 a
2064 2968 2331 3033 meridie

204 3052 489 3121 Galliam
533 3054 902 3140 Belgicam,
953 3057 1132 3120 euius
1177 3057 1544 3141 proximum
1589 3055 1741 3119 litus
1786 3057 2331 3121 transmeantibus

201 3146 408 3230 aperit
456 3145 712 3227 emitae,
777 3167 941 3231 quae
989 3144 1220 3209 dieitur
1262 3144 1507 3210 Rutubi
1562 3153 1815 3231 portus,
1870 3168 1911 3210 a
1958 3154 2151 3230 gente
2197 3143 2330 3211 An-

201 3235 455 3319 glorum
520 3255 690 3299 nunc
754 3244 1056 3313 corrupte
1119 3234 1565 3320 Reptacaestir
1626 3244 1887 3317 uocata,
1948 3236 2329 3321 interposito

200 3324 366 3387 mari
407 3345 448 3388 a
478 3320 864 3388 Gesseriaeo
905 3322 1300 3388 Morinorum
1347 3326 1558 3407 gentis
1604 3324 1793 3389 litore
1836 3325 2152 3410 proxime,
2201 3332 2328 3387 tra-

201 3414 372 3477 iectu
436 3412 681 3476 milium
744 3414 1241 3498 quinquaginta,
1307 3414 1481 3497 siue,
1547 3420 1619 3476 ut
1678 3412 1937 3498 quidam
1992 3414 2325 3499 scripsere,

203 3502 554 3566 stadiorum
587 3501 1202 3587 quadringentorum
1228 3503 1714 3587 quinquaginta.
1778 3501 1843 3567 A
1871 3511 2057 3587 tergo
2089 3512 2325 3588 autem,

201 3588 372 3655 unde
418 3588 678 3657 Oceano
724 3588 972 3656 infinito
1017 3600 1227 3677 patet,
1277 3589 1567 3658 Orcadas
1613 3592 1851 3655 insulas
1896 3590 2111 3657 habet.

382 3677 622 3766 Opima
679 3678 970 3765 frugibus
1035 3689 1228 3765 atque
1293 3680 1629 3745 arboribus
1688 3680 1927 3763 insula,
1975 3691 2039 3745 et
2085 3680 2331 3747 alendis

201 3777 360 3854 apta
417 3769 756 3855 pecoribus
817 3792 894 3835 ae
940 3772 1270 3855 iumentis,
1326 3772 1548 3835 uineas
1596 3770 1791 3834 etiam
1838 3770 2221 3874 quibusdam
2268 3771 2334 3833 in

194 3856 352 3922 locis
381 3860 781 3943 germinans.
831 3857 944 3923 sed
974 3868 1039 3924 et
1070 3860 1285 3923 auium
1315 3859 1500 3925 ferax
1530 3868 1704 3923 terra
1736 3862 2028 3946 marique
2063 3861 2328 3943 generis
