2723 4326
11 419 18 846 —v--———--—-—
12 195 14 352 .-,,,

164 235 232 286 11.
277 235 436 288 1—2.
2222 235 2305 300 65

163 409 380 474 uultus
447 408 743 474 homines
810 409 1224 475 tenebrarum
1301 419 1527 474 auctor
1588 408 1921 497 possidet,
1964 379 1979 396 ⁶
1998 419 2311 496 tantaque

165 499 380 582 gratia
457 499 844 586 frontispicii
917 507 1202 564 mentem
1277 499 1360 564 ab
1431 500 1687 565 interna
1756 501 1969 584 gratia
2037 522 2311 566 uacuam
2412 525 2421 532 ·

167 587 438 672 gestat?
500 587 748 652 Rursus
795 608 952 674 ergo
997 589 1443 674 interrogauit,
1493 588 1664 674 quod
1710 597 1880 654 esset
1924 589 2310 655 uocabulum

165 679 382 761 gentis
447 676 636 742 illius.
727 677 1133 764 Responsum
1197 686 1325 763 est,
1399 676 1569 763 quod
1635 675 1835 763 Angli
1900 687 2305 744 uocarentur.

163 764 256 830 At
299 764 441 830 ille:
491 763 713 831 ‘Bene’
745 767 978 853 inquit3
1031 766 1202 831 ‘nam
1248 775 1314 832 et
1365 767 1726 852 angelicam
1771 766 2009 832 habent
2053 767 2308 850 faciem,

168 864 231 918 et
273 853 442 920 tales
489 855 868 940 angelorum
915 857 982 920 in
1029 855 1222 921 caelis
1269 856 1457 922 decet
1501 878 1642 921 esse
1690 854 2054 922 coheredes.
2119 854 2312 934 Quod

167 942 368 1009 habet
423 965 656 1008 nomen
717 945 858 1032 ipsa
905 946 1284 1096 ¹prouincia,
1356 944 1437 1010 de
1494 967 1620 1031 qua
1664 946 1771 1010 isti
1832 955 1979 1011 sunt
2036 942 2238 1011 adlati
2252 945 2309 1010 ‘?’

168 1031 576 1118 Responsum
611 1039 729 1116 est,
776 1054 902 1118 quo
977 1033 1164 1099 Deiri
1207 1042 1593 1099 uocarentur
1624 1033 1820 1100 iidem
1857 1035 2309 1120 prouinciales.

167 1118 260 1186 At
302 1121 444 1186 ille:
504 1121 728 1187 ‘Bene’
775 1123 984 1208 inquit
1031 1122 1262 1207 ‘Deiri,
1329 1122 1411 1189 de
1459 1123 1557 1190 ira
1610 1125 1777 1188 eruti
1823 1131 1890 1188 et
1934 1122 2018 1189 ad
2062 1124 2311 1188 miseriss

169 1209 460 1275 cordiam
508 1207 748 1275 Christi
791 1213 1026 1277 uocati.
1120 1211 1286 1277 Rex‘
1326 1212 1700 1298 prouinciae
1762 1211 1931 1278 illius
1992 1211 2340 1299 quomodo'

169 1297 601 1385 appellatur?
692 1299 1099 1386 Responsum
1145 1309 1270 1385 est,
1347 1299 1518 1386 quod
1563 1299 1738 1367 Aelli
1783 1301 2123 1368 diceretur.
2220 1301 2313 1368 At

169 1387 278 1452 ille
323 1387 638 1454 adludens
684 1387 768 1453 ad
812 1410 1051 1455 nomen
1095 1391 1213 1454 ait:
1287 1387 1611 1475 ‘Alleluia,
1682 1390 1937 1457 laudem
1984 1389 2090 1457 dei
2134 1415 2309 1458 crea-

169 1478 330 1542 toris
377 1476 504 1542 illis
548 1478 619 1541 in
663 1478 957 1564 partibus
1004 1486 1258 1566 oportet
1305 1480 1596 1544 cantari.’

350 1563 820 1653 Accedensque
877 1566 961 1632 ad
1011 1566 1388 1655 pontificem
1432 1568 1765 1633 Romanae
1812 1578 1879 1633 et
1923 1569 2313 1657 apostolicae

170 1653 375 1739 sedis,
444 1653 727 1720 nondum
775 1658 948 1721 enim
1004 1665 1145 1721 erat
1187 1658 1329 1744 ipse
1383 1657 1677 1744 pontifex
1728 1656 1968 1743 factuS,
2034 1657 2311 1743 rogauit,

171 1753 242 1808 ut
288 1745 470 1828 genti
514 1742 879 1829 Anglorum
917 1746 984 1809 in
1013 1745 1402 1810 Brittaniam
1446 1747 1693 1832 aliquos
1738 1747 1923 1812 uerbi
1966 1747 2311 1831 ministros,

170 1854 292 1919 per
341 1854 500 1918 quos
545 1833 630 1898 ad
675 1831 1004 1898 Christum
1053 1843 1567 1919 conuerteretur,
1614 1836 1927 1919 mitteret3
1984 1857 2055 1900 se
2100 1837 2314 1922 ipsum

171 1930 474 2007 paratum
528 1943 668 1986 esse
712 1923 780 1986 in
832 1922 955 1988 hoc
1009 1945 1166 2010 opus
1222 1921 1481 1989 domino
1540 1933 1927 2010 cooperante
1980 1925 2315 2011 perficien-

172 2009 356 2093 dum,
403 2012 458 2074 si
501 2018 722 2076 tamen
775 2012 1126 2098 apostolico
1169 2034 1399 2100 papae,
1444 2011 1570 2077 hoc
1612 2020 1687 2076 ut
1730 2011 1937 2097 fieret,
2003 2012 2311 2099 placeret.

173 2095 367 2177 Quod
411 2099 566 2165 dum
610 2097 921 2187 perficere
965 2122 1096 2167 non
1139 2110 1377 2189 posset,
1435 2101 1605 2188 quia,
1663 2102 1784 2167 etsi
1827 2103 2124 2190 pontifex
2170 2125 2316 2168 con-

173 2187 404 2254 cedere
434 2189 547 2274 illi,
597 2187 768 2275 quod
797 2192 1094 2278 petierat,
1142 2191 1369 2277 uoluit,
1405 2213 1535 2255 non
1564 2200 1783 2256 tamen
1814 2193 1986 2257 ciues
2016 2192 2312 2277 Romani,

169 2286 244 2341 ut
301 2286 439 2343 tam
503 2279 698 2363 longe
762 2281 844 2345 ab
890 2279 1072 2346 Vrbe
1136 2278 1500 2366 recederet,
1566 2288 1837 2366 potuere
1904 2282 2314 2367 permittere3

171 2388 327 2430 mox
355 2374 429 2431 ut
458 2368 599 2453 ipse
644 2368 1051 2454 pontificatus
1100 2368 1312 2434 officio
1361 2370 1621 2435 functus
1668 2379 1784 2456 est,
1833 2370 2108 2456 perfecit
2155 2392 2316 2457 opus

169 2456 280 2520 diu
325 2453 789 2522 desideratum:
837 2458 995 2522 alios
1038 2456 1298 2544 quidem
1342 2458 1824 2544 praedicatores
1868 2460 2151 2544 mittens,
2202 2456 2317 2525 sed

169 2546 308 2631 ipse
352 2542 901 2631 praedicationem
949 2554 1022 2610 ut
1067 2546 1520 2632 fructificaret,
1558 2548 1714 2633 suis
1760 2547 2315 2614 exhortationibus

171 2656 250 2697 ac
291 2634 597 2721 precibus
645 2634 977 2700 adiuuans.
1069 2635 1256 2702 Haec
1299 2637 1485 2701 iuxta
1530 2638 1925 2723 opinionem,
1988 2658 2183 2724 quam
2228 2638 2313 2703 ab

173 2724 450 2809 antiquis
483 2745 638 2789 acce
683 2724 870 2809 imus,
903 2724 1208 2791 historiae
1236 2734 1495 2791 nostrae
1529 2726 2001 2791 ecclesiasticae
2029 2728 2316 2792 inserere

174 2822 564 2898 oportunum
656 2814 928 2879 uximus.
1189 2815 1192 2821 ’

1215 3046 1276 3111 2.

174 3198 254 3254 vt
277 3198 670 3268 Augustinus
695 3200 1068 3257 Brettonum
1093 3201 1415 3271 episcopos
1440 3217 1556 3272 pro
1580 3215 1731 3273 pace
1758 3202 2091 3273 catholica,
2129 3203 2317 3260 etiam

207 3289 518 3347 miraculo
559 3289 820 3347 caelesti
859 3305 1068 3347 coram
1103 3290 1196 3347 eis
1233 3292 1436 3362 facto,
1474 3292 1788 3349 monuerit
1797 3309 1820 3363 3
1861 3306 2093 3361 quaeue
2130 3291 2281 3348 illos

765 3379 1131 3448 spernentes
1166 3378 1332 3467 ultio
1372 3380 1586 3438 secuta
1624 3380 1734 3436 stt.

349 3524 617 3590 Interea
663 3520 1064 3608 Augustinus
1120 3522 1435 3590 adiutorio
1487 3546 1643 3589 usus
1688 3521 2088 3608 Aedilbercti
2142 3526 2317 3611 regis

175 3614 560 3679 conuocauit
613 3610 696 3676 ad
750 3634 935 3677 suum
991 3612 1380 3700 colloquium
1436 3614 1773 3701 episcopos
1829 3614 1967 3679 siue
2022 3612 2333 3679 doctores*

174 3704 513 3789 proximae
553 3696 938 3766 Brettonum
983 3703 1356 3787 prouinciae
1400 3703 1465 3767 in
1509 3703 1673 3789 loco,
1724 3704 1834 3789 qui
1877 3724 2082 3789 usque
2123 3701 2319 3769 hodie

172 3793 401 3877 lingua
457 3790 821 3874 Anglorum
882 3788 1321 3875 Augustinaes
1382 3789 1509 3876 Ac,
1566 3790 1634 3857 id
1691 3800 1789 3857 est
1842 3782 2039 3859 rdbur
2095 3792 2317 3879 Augu-

176 3882 359 3964 stini,
405 3880 474 3944 in
521 3878 796 3944 confinio
841 3878 1266 3945 Huicciorum
1313 3889 1380 3947 et
1426 3879 1938 3948 occidentalium
1986 3879 2313 3949 Saxonum

337 4004 518 4046 Baedae
545 4004 654 4046 hist.
681 4004 794 4047 eccl.
1966 3989 1999 4045 5
