2723 4326
114 196 207 249 V.
258 198 345 251 22.
2157 198 2280 263 281

113 373 225 439 ab
282 373 723 437 incarnatione
770 370 1013 437 domini
1058 370 1262 438 DCC⁰
1295 370 1510 456 XV10,
1573 395 1700 458 quo
1758 370 2013 439 Osredo
2075 375 2286 438 occiso

116 459 452 526 Coenred
509 460 947 545 gubernacula
1000 463 1189 547 regni
1240 461 1306 525 N
1310 460 1932 548 ordanhymbrorum
1979 465 2284 549 suscepit,

118 574 299 615 cum
370 551 650 615 uenisset
708 550 793 615 ad
851 572 959 615 eos
1019 549 1099 615 de
1146 550 1464 615 Hibernia
1511 549 1631 616 deo
1677 551 1973 615 amabilis
2021 560 2087 617 et
2133 573 2280 617 cum

117 642 328 705 omni
371 637 855 703 honorificentia
899 640 1324 705 nominandus
1384 649 1570 727 pater
1630 662 1707 705 ac
1769 640 2068 705 sacerdos
2113 640 2283 725 Ecg-

116 730 352 812 beret,
404 730 582 793 cuius
630 730 921 814 superius
967 731 1344 794 memoriam
1391 728 1647 815 saepius
1694 729 1980 813 fecimus,
2028 728 2281 794 honori-

118 818 271 883 fice
318 817 401 882 ab
452 818 543 882 eis
592 826 658 880 et
704 817 907 882 multo
953 840 1100 882 cum
1133 816 1371 902 gaudio
1404 829 1736 904 susceptus
1769 826 1884 883 est.
1965 816 2094 896 Qui
2125 840 2280 904 quo-

120 910 326 972 niam
378 914 445 971 et
492 904 716 971 doctor
762 908 1177 971 suauissimus
1225 916 1291 972 et
1323 929 1566 987 eorum,
1617 929 1783 992 quae
1815 907 2069 992 agenda
2093 907 2280 973 doce-

122 998 281 1079 bat,
362 1004 503 1060 erat
572 1005 910 1061 exsecutor
981 995 1434 1061 deuotissimus
1452 1047 1470 1079 ,
1541 996 1816 1060 libenter
1881 994 2134 1061 auditus
2200 998 2281 1060 ab

122 1085 470 1150 uniuersis
490 1133 507 1166 ,
576 1086 945 1149 immutauit
999 1085 1123 1172 piis
1178 1108 1253 1150 ac
1301 1083 1538 1150 sedulis
1587 1084 2138 1150 exhortationibus
2184 1087 2278 1149 in—

124 1182 514 1240 ueteratam
558 1173 733 1239 illam
779 1172 1189 1239 traditionem
1235 1184 1578 1260 parentum
1625 1196 1869 1256 eorum,
1918 1172 1998 1239 de
2046 1174 2276 1261 quibus

124 1263 575 1351 apostolicum
619 1262 799 1327 illum
844 1261 996 1328 licet
1039 1263 1333 1349 proferre
1380 1285 1775 1347 sermonem,
1835 1263 2007 1349 quod
2066 1286 2280 1328 aemu-

122 1355 455 1418 lationem
502 1350 605 1415 dei
650 1350 992 1434 habebant,
1042 1351 1153 1415 sed
1198 1372 1328 1416 non
1375 1350 1728 1417 secundum
1761 1354 2128 1434 scientiam3
2179 1375 2279 1418 ca-

127 1442 507 1526 tholicoque
562 1439 705 1505 illos
764 1449 959 1526 atque
1018 1441 1372 1527 apostolico
1420 1463 1599 1506 more
1647 1440 2161 1523 celebrationem,
2211 1453 2283 1506 ut

132 1530 451 1613 diximus,
478 1531 863 1615 praecipuae
908 1529 1355 1595 sollemnitatis
1403 1529 1521 1594 sub
1567 1528 1778 1614 figura
1825 1553 2098 1596 coronae
2142 1553 2281 1617 per·

132 1622 319 1707 petis
364 1640 562 1703 agere
607 1618 965 1705 perdocuit.
1029 1616 1218 1696 Quod
1264 1620 1433 1683 mira
1472 1618 1727 1684 diuinae
1760 1628 2009 1684 constat
2038 1621 2279 1683 factum

134 1709 625 1795 dispensatione
671 1708 951 1793 pietatis,
998 1717 1069 1771 ut
1115 1709 1417 1793 quoniam
1464 1729 1623 1792 gens
1670 1708 1797 1789 illa,
1848 1730 2039 1793 quam
2084 1731 2276 1772 noue-

134 1807 247 1863 rat
296 1796 629 1861 scientiam
674 1794 933 1861 diuinae
979 1798 1364 1880 cognitionis
1408 1796 1688 1862 libenter
1733 1820 1809 1861 ac
1855 1799 1991 1861 sine
2035 1797 2279 1862 inuidia

135 1886 401 1975 populis
434 1884 796 1970 Anglorum
821 1886 1296 1951 cummunicare
1330 1888 1613 1950 curauit:
1646 1887 1788 1971 ipsa
1819 1906 2073 1971 quoque
2103 1896 2276 1973 post-

140 1974 410 2041 modum
443 1998 558 2061 per
590 1984 852 2059 gentem
871 1973 1320 2059 Anglorumin
1340 1976 1451 2059 eis,
1502 1997 1665 2061 quae
1697 1976 1906 2039 minus
1938 1973 2271 2059 habuerat,

140 2065 231 2130 ad
280 2064 636 2151 perfectam
686 2061 944 2128 uiuendi
989 2085 1278 2129 normam
1326 2064 1712 2150 perueniret.
1786 2060 1970 2128 Sicut
2016 2073 2277 2128 econtra

139 2154 511 2238 Brettones,
562 2154 673 2240 qui
701 2153 1003 2218 nolebant
1034 2150 1263 2238 Anglis
1295 2176 1460 2235 eam,
1510 2174 1702 2239 quam
1732 2151 2078 2237 habebant,
2125 2151 2277 2218 fidei

142 2241 557 2308 Christianae
622 2244 919 2308 notitiam
988 2243 1306 2330 pandere,
1377 2241 1784 2307 credentibus
1845 2243 1973 2307 iam
2026 2243 2278 2329 populis

146 2332 515 2418 Anglorum
560 2340 623 2395 et
664 2333 732 2395 in
777 2332 1003 2416 regula
1048 2330 1197 2396 fidei
1243 2330 1597 2396 catholicae
1642 2353 1760 2418 per
1805 2332 2019 2396 omnia
2049 2333 2279 2395 instru-

144 2425 303 2506 ctis,
348 2423 473 2507 ipsi
517 2419 726 2485 adhuc
772 2422 1111 2486 inueterati
1159 2429 1224 2485 et
1271 2418 1703 2485 claudicantes
1751 2443 1792 2484 a
1837 2421 2080 2486 semitis
2128 2423 2277 2504 suiS,

149 2521 215 2576 et
265 2513 480 2596 capita
538 2511 677 2575 sine
746 2532 981 2574 corona
1038 2507 1471 2597 praetendunt
1531 2519 1597 2574 et
1663 2509 1997 2574 sollemnia
2042 2508 2284 2575 Christi

149 2603 292 2665 sine
342 2599 648 2664 ecclesiae
696 2597 937 2664 Christi
985 2600 1292 2664 societate
1338 2606 1750 2667 uenerantur.

331 2686 770 2774 Susceperunt
836 2696 1053 2752 autem
1099 2687 1404 2752 Hiienses
1450 2686 1749 2752 monachi
1796 2686 2068 2752 docente
2115 2686 2284 2771 Ecg-

150 2778 373 2843 bercto
441 2778 603 2842 ritus
661 2774 925 2842 uiuendi
986 2776 1333 2841 catholicos
1399 2777 1518 2841 sub
1582 2776 1820 2841 abbate
1883 2774 2286 2842 Duunchado

152 2875 299 2952 post
356 2888 556 2932 annos
614 2867 873 2930 circiter
928 2863 1185 2930 LXXX
1207 2915 1226 2950 ,
1284 2888 1368 2930 ex
1428 2887 1553 2952 quo
1610 2863 1694 2930 ad
1738 2862 2288 2952 praedicationem

155 2957 363 3039 gentis
407 2954 769 3040 Anglorum
814 2953 1140 3020 Aidanum
1205 2957 1517 3019 miserant
1580 2954 1951 3020 antistitem.
2045 2953 2288 3019 Mansit

155 3054 372 3110 autem
415 3045 517 3109 uir
562 3043 801 3109 domini
832 3043 1163 3127 Ecgberct
1193 3065 1394 3107 annos
1424 3041 1605 3108 XIII
1636 3043 1702 3107 in
1733 3044 2027 3128 praefata
2058 3043 2286 3128 insula,

160 3155 351 3220 quam
394 3135 533 3220 ipse
579 3132 757 3198 uelut
802 3153 972 3198 noua
1019 3132 1299 3218 quadam
1343 3133 1675 3197 relucente
1724 3133 1938 3216 gratia
1985 3132 2285 3198 ecclesia-

160 3225 354 3288 sticae
400 3224 724 3287 societatis
772 3231 838 3287 et
884 3222 1061 3308 pacis
1111 3220 1370 3286 Christo
1419 3230 1943 3305 consecrauerat3
1992 3243 2289 3306 annoque

164 3310 512 3378 dominicae
559 3312 1015 3376 incarnationis
1061 3308 1264 3376 DCC⁰
1294 3308 1678 3392 XXVIIIP,
1722 3333 1848 3396 quo
1895 3310 2135 3397 pascha
2179 3308 2286 3375 do·

161 3402 458 3466 minicum
520 3409 749 3465 octauo
796 3399 1241 3466 Kalendarum
1287 3398 1608 3464 Maiarum
1654 3398 1758 3464 die
1805 3398 2277 3482 celebrabatur,

166 3512 305 3554 cum
347 3491 689 3554 missarum
735 3489 1067 3554 sollemnia
1098 3491 1165 3553 in
1197 3491 1576 3554 memoriam
1610 3487 1896 3553 eiusdem
1930 3487 2286 3552 dominicae

164 3581 638 3644 resurrectionis
684 3577 1094 3660 celebrasset,
1144 3577 1372 3643 eodem
1421 3577 1523 3643 die
1556 3586 1620 3642 et
1664 3578 1804 3663 ipse
1851 3577 2158 3661 migrauit
2205 3574 2286 3640 ad

166 3666 501 3752 dominum,
550 3690 627 3733 ac
674 3665 984 3753 gaudium
1034 3688 1323 3732 summae
1353 3667 1747 3750 festiuitatis,
1781 3666 1953 3751 quod
1985 3688 2130 3730 cum
2161 3664 2286 3730 fra·

167 3757 381 3842 tribus,
432 3780 591 3844 quos
638 3757 720 3822 ad
766 3758 1037 3821 unitatis
1099 3758 1381 3840 gratiam
1447 3762 1884 3836 conuerterat,
1942 3753 2288 3838 inchoauit,

170 3867 304 3911 cum
348 3844 606 3912 domino
654 3855 719 3912 et
766 3845 1074 3932 apostolis
1122 3844 1482 3930 ceterisque
1529 3844 1690 3908 caeli
1737 3843 1983 3908 ciuibus
2009 3842 2282 3929 comple-
