<?xml version="1.0" encoding="UTF-8"?>
<!DOCTYPE html PUBLIC "-//W3C//DTD XHTML 1.0 Transitional//EN"
    "http://www.w3.org/TR/xhtml1/DTD/xhtml1-transitional.dtd">
<html xmlns="http://www.w3.org/1999/xhtml" xml:lang="en" lang="en">
 <head>
  <title>
</title>
<meta http-equiv="Content-Type" content="text/html;charset=utf-8" />
  <meta name='ocr-system' content='tesseract 3.04.00' />
  <meta name='ocr-capabilities' content='ocr_page ocr_carea ocr_par ocr_line ocrx_word'/>
</head>
<body>
  <div class='ocr_page' id='page_1' title='image "./historiaecclesi00venegoog_0067.png"; bbox 0 0 2723 4326; ppageno 0'>
   <div class='ocr_carea' id='block_1_1' title="bbox 145 203 2289 268">
    <p class='ocr_par' dir='ltr' id='par_1_1' title="bbox 145 203 2289 268">
     <span class='ocr_line' id='line_1_1' title="bbox 145 203 2289 268; baseline 0.007 -14"><span class='ocrx_word' id='word_1_1' title='bbox 145 203 185 259; x_wconf 90' lang='lat'><strong>1.</strong></span> <span class='ocrx_word' id='word_1_2' title='bbox 223 203 312 258; x_wconf 85' lang='lat'><strong>32.</strong></span> <span class='ocrx_word' id='word_1_3' title='bbox 343 242 346 244; x_wconf 21' lang='lat' dir='ltr'>v</span> <span class='ocrx_word' id='word_1_4' title='bbox 2204 203 2289 268; x_wconf 87' lang='lat'><strong>55</strong></span> 
     </span>
    </p>
   </div>
   <div class='ocr_carea' id='block_1_2' title="bbox 141 376 2299 3945">
    <p class='ocr_par' dir='ltr' id='par_1_2' title="bbox 145 376 2292 555">
     <span class='ocr_line' id='line_1_2' title="bbox 145 376 2292 467; baseline 0 -23"><span class='ocrx_word' id='word_1_5' title='bbox 145 380 490 467; x_wconf 81' lang='lat' dir='ltr'>gloriosius</span> <span class='ocrx_word' id='word_1_6' title='bbox 537 376 786 462; x_wconf 81' lang='lat' dir='ltr'><strong>reddet,</strong></span> <span class='ocrx_word' id='word_1_7' title='bbox 834 379 1013 443; x_wconf 89' lang='lat' dir='ltr'><strong>cuius</strong></span> <span class='ocrx_word' id='word_1_8' title='bbox 1058 400 1175 443; x_wconf 86' lang='lat' dir='ltr'><strong>uos</strong></span> <span class='ocrx_word' id='word_1_9' title='bbox 1221 378 1529 445; x_wconf 84' lang='lat' dir='ltr'><strong>honorem</strong></span> <span class='ocrx_word' id='word_1_10' title='bbox 1575 380 1883 465; x_wconf 88' lang='lat' dir='ltr'><strong>quaeritis</strong></span> <span class='ocrx_word' id='word_1_11' title='bbox 1922 388 1987 444; x_wconf 90' lang='lat' dir='ltr'><strong>et</strong></span> <span class='ocrx_word' id='word_1_12' title='bbox 2020 381 2292 445; x_wconf 87' lang='lat' dir='ltr'><strong>seruatis</strong></span> 
     </span>
     <span class='ocr_line' id='line_1_3' title="bbox 146 469 589 555; baseline -0.005 -21"><span class='ocrx_word' id='word_1_13' title='bbox 146 473 214 534; x_wconf 91' lang='lat' dir='ltr'><strong>in</strong></span> <span class='ocrx_word' id='word_1_14' title='bbox 266 469 589 555; x_wconf 90' lang='lat' dir='ltr'><strong>gentibus.</strong></span> 
     </span>
    </p>

    <p class='ocr_par' dir='ltr' id='par_1_3' title="bbox 141 555 2297 1786">
     <span class='ocr_line' id='line_1_4' title="bbox 327 555 2293 643; baseline 0 -21"><span class='ocrx_word' id='word_1_15' title='bbox 327 555 440 623; x_wconf 86' lang='lat' dir='ltr'><strong>Sic</strong></span> <span class='ocrx_word' id='word_1_16' title='bbox 471 558 712 622; x_wconf 81' lang='lat' dir='ltr'><strong>etenim</strong></span> <span class='ocrx_word' id='word_1_17' title='bbox 735 555 1194 622; x_wconf 78' lang='lat' dir='ltr'><strong>Constantinus</strong></span> <span class='ocrx_word' id='word_1_18' title='bbox 1226 555 1551 643; x_wconf 85' lang='lat' dir='ltr'><strong>quondam</strong></span> <span class='ocrx_word' id='word_1_19' title='bbox 1581 558 1908 643; x_wconf 89' lang='lat' dir='ltr'><strong>piissimus</strong></span> <span class='ocrx_word' id='word_1_20' title='bbox 1940 558 2293 642; x_wconf 88' lang='lat' dir='ltr'><strong>imperator</strong></span> 
     </span>
     <span class='ocr_line' id='line_1_5' title="bbox 144 645 2293 734; baseline 0 -24"><span class='ocrx_word' id='word_1_21' title='bbox 144 647 511 714; x_wconf 82' lang='lat' dir='ltr'><strong>Romanam</strong></span> <span class='ocrx_word' id='word_1_22' title='bbox 555 645 1024 734; x_wconf 81' lang='lat' dir='ltr'><strong>rempublicam</strong></span> <span class='ocrx_word' id='word_1_23' title='bbox 1069 668 1110 709; x_wconf 88' lang='lat' dir='ltr'><strong>a</strong></span> <span class='ocrx_word' id='word_1_24' title='bbox 1155 648 1480 733; x_wconf 89' lang='lat' dir='ltr'><strong>peruersis</strong></span> <span class='ocrx_word' id='word_1_25' title='bbox 1524 645 1842 712; x_wconf 90' lang='lat' dir='ltr'><strong>idolorum</strong></span> <span class='ocrx_word' id='word_1_26' title='bbox 1889 646 2165 711; x_wconf 90' lang='lat' dir='ltr'><strong>cultibus</strong></span> <span class='ocrx_word' id='word_1_27' title='bbox 2196 669 2293 711; x_wconf 88' lang='lat' dir='ltr'><strong>re-</strong></span> 
     </span>
     <span class='ocr_line' id='line_1_6' title="bbox 143 732 2296 821; baseline 0 -21"><span class='ocrx_word' id='word_1_28' title='bbox 143 758 392 801; x_wconf 90' lang='lat' dir='ltr'><strong>uocans</strong></span> <span class='ocrx_word' id='word_1_29' title='bbox 438 736 862 821; x_wconf 85' lang='lat' dir='ltr'><strong>omnipotenti</strong></span> <span class='ocrx_word' id='word_1_30' title='bbox 906 733 1028 800; x_wconf 91' lang='lat' dir='ltr'><strong>deo</strong></span> <span class='ocrx_word' id='word_1_31' title='bbox 1062 732 1319 800; x_wconf 92' lang='lat' dir='ltr'><strong>domino</strong></span> <span class='ocrx_word' id='word_1_32' title='bbox 1350 744 1570 800; x_wconf 89' lang='lat' dir='ltr'><strong>nostro</strong></span> <span class='ocrx_word' id='word_1_33' title='bbox 1602 734 1753 802; x_wconf 91' lang='lat' dir='ltr'><strong>Iesu</strong></span> <span class='ocrx_word' id='word_1_34' title='bbox 1784 732 2043 801; x_wconf 83' lang='lat' dir='ltr'><strong>Christo</strong></span> <span class='ocrx_word' id='word_1_35' title='bbox 2074 757 2296 801; x_wconf 87' lang='lat' dir='ltr'><strong>secum</strong></span> 
     </span>
     <span class='ocr_line' id='line_1_7' title="bbox 143 823 2295 911; baseline -0 -21"><span class='ocrx_word' id='word_1_36' title='bbox 143 823 438 891; x_wconf 87' lang='lat' dir='ltr'><strong>subdidit</strong></span> <span class='ocrx_word' id='word_1_37' title='bbox 483 847 680 911; x_wconf 90' lang='lat' dir='ltr'><strong>seque</strong></span> <span class='ocrx_word' id='word_1_38' title='bbox 726 845 874 889; x_wconf 88' lang='lat' dir='ltr'><strong>cum</strong></span> <span class='ocrx_word' id='word_1_39' title='bbox 921 823 1224 889; x_wconf 86' lang='lat' dir='ltr'><strong>subiectis</strong></span> <span class='ocrx_word' id='word_1_40' title='bbox 1270 824 1526 911; x_wconf 89' lang='lat' dir='ltr'><strong>populis</strong></span> <span class='ocrx_word' id='word_1_41' title='bbox 1570 833 1711 890; x_wconf 85' lang='lat' dir='ltr'><strong>tota</strong></span> <span class='ocrx_word' id='word_1_42' title='bbox 1755 825 1839 890; x_wconf 89' lang='lat' dir='ltr'><strong>ad</strong></span> <span class='ocrx_word' id='word_1_43' title='bbox 1883 846 2033 890; x_wconf 93' lang='lat' dir='ltr'><strong>eum</strong></span> <span class='ocrx_word' id='word_1_44' title='bbox 2076 833 2295 890; x_wconf 88' lang='lat' dir='ltr'><strong>mente</strong></span> 
     </span>
     <span class='ocr_line' id='line_1_8' title="bbox 145 911 2295 1002; baseline -0.001 -22"><span class='ocrx_word' id='word_1_45' title='bbox 145 916 489 980; x_wconf 89' lang='lat' dir='ltr'><strong>conuertit.</strong></span> <span class='ocrx_word' id='word_1_46' title='bbox 582 911 771 978; x_wconf 86' lang='lat' dir='ltr'><strong>Vnde</strong></span> <span class='ocrx_word' id='word_1_47' title='bbox 832 912 1078 978; x_wconf 87' lang='lat' dir='ltr'><strong>factum</strong></span> <span class='ocrx_word' id='word_1_48' title='bbox 1137 923 1262 996; x_wconf 88' lang='lat' dir='ltr'><strong>est,</strong></span> <span class='ocrx_word' id='word_1_49' title='bbox 1323 923 1399 978; x_wconf 86' lang='lat' dir='ltr'><strong>ut</strong></span> <span class='ocrx_word' id='word_1_50' title='bbox 1454 915 1866 1001; x_wconf 87' lang='lat' dir='ltr'><strong>antiquorum</strong></span> <span class='ocrx_word' id='word_1_51' title='bbox 1928 915 2295 1002; x_wconf 87' lang='lat' dir='ltr'><strong>principum</strong></span> 
     </span>
     <span class='ocr_line' id='line_1_9' title="bbox 141 1000 2295 1090; baseline 0 -22"><span class='ocrx_word' id='word_1_52' title='bbox 141 1025 388 1071; x_wconf 89' lang='lat' dir='ltr'><strong>nomen</strong></span> <span class='ocrx_word' id='word_1_53' title='bbox 433 1005 565 1068; x_wconf 86' lang='lat' dir='ltr'><strong>suis</strong></span> <span class='ocrx_word' id='word_1_54' title='bbox 609 1004 711 1067; x_wconf 89' lang='lat' dir='ltr'><strong>uir</strong></span> <span class='ocrx_word' id='word_1_55' title='bbox 755 1002 864 1068; x_wconf 91' lang='lat' dir='ltr'><strong>ille</strong></span> <span class='ocrx_word' id='word_1_56' title='bbox 908 1000 1207 1068; x_wconf 81' lang='lat' dir='ltr'><strong>laudibus</strong></span> <span class='ocrx_word' id='word_1_57' title='bbox 1253 1005 1544 1068; x_wconf 89' lang='lat' dir='ltr'><strong>uinceret</strong></span> <span class='ocrx_word' id='word_1_58' title='bbox 1574 1013 1642 1068; x_wconf 89' lang='lat' dir='ltr'><strong>et</strong></span> <span class='ocrx_word' id='word_1_59' title='bbox 1671 1012 1851 1069; x_wconf 88' lang='lat' dir='ltr'><strong>tanto</strong></span> <span class='ocrx_word' id='word_1_60' title='bbox 1881 1005 1949 1067; x_wconf 92' lang='lat' dir='ltr'><strong>in</strong></span> <span class='ocrx_word' id='word_1_61' title='bbox 1995 1004 2295 1090; x_wconf 91' lang='lat' dir='ltr'><strong>opinione</strong></span> 
     </span>
     <span class='ocr_line' id='line_1_10' title="bbox 143 1092 2291 1180; baseline 0 -22"><span class='ocrx_word' id='word_1_62' title='bbox 143 1115 596 1180; x_wconf 80' lang='lat' dir='ltr'><strong>praecessores</strong></span> <span class='ocrx_word' id='word_1_63' title='bbox 661 1113 836 1177; x_wconf 89' lang='lat' dir='ltr'><strong>suos,</strong></span> <span class='ocrx_word' id='word_1_64' title='bbox 910 1100 1148 1178; x_wconf 89' lang='lat' dir='ltr'><strong>quanto</strong></span> <span class='ocrx_word' id='word_1_65' title='bbox 1209 1101 1274 1158; x_wconf 88' lang='lat' dir='ltr'><strong>et</strong></span> <span class='ocrx_word' id='word_1_66' title='bbox 1331 1093 1401 1157; x_wconf 92' lang='lat' dir='ltr'><strong>in</strong></span> <span class='ocrx_word' id='word_1_67' title='bbox 1457 1092 1625 1157; x_wconf 91' lang='lat' dir='ltr'><strong>bono</strong></span> <span class='ocrx_word' id='word_1_68' title='bbox 1685 1115 1879 1179; x_wconf 88' lang='lat' dir='ltr'><strong>opere</strong></span> <span class='ocrx_word' id='word_1_69' title='bbox 1937 1101 2291 1178; x_wconf 80' lang='lat' dir='ltr'><strong>superaret.</strong></span> 
     </span>
     <span class='ocr_line' id='line_1_11' title="bbox 145 1180 2294 1269; baseline -0.001 -21"><span class='ocrx_word' id='word_1_70' title='bbox 145 1183 238 1248; x_wconf 87' lang='lat' dir='ltr'><strong>Et</strong></span> <span class='ocrx_word' id='word_1_71' title='bbox 280 1205 456 1248; x_wconf 86' lang='lat' dir='ltr'><strong>nunc</strong></span> <span class='ocrx_word' id='word_1_72' title='bbox 499 1183 720 1268; x_wconf 88' lang='lat' dir='ltr'><strong>itaque</strong></span> <span class='ocrx_word' id='word_1_73' title='bbox 766 1189 984 1246; x_wconf 86' lang='lat' dir='ltr'><strong>uestra</strong></span> <span class='ocrx_word' id='word_1_74' title='bbox 1031 1180 1239 1266; x_wconf 84' lang='lat' dir='ltr'><strong>gloria</strong></span> <span class='ocrx_word' id='word_1_75' title='bbox 1285 1182 1723 1267; x_wconf 87' lang='lat' dir='ltr'><strong>cognitionem</strong></span> <span class='ocrx_word' id='word_1_76' title='bbox 1767 1183 1955 1247; x_wconf 88' lang='lat' dir='ltr'><strong>unius</strong></span> <span class='ocrx_word' id='word_1_77' title='bbox 2003 1181 2137 1260; x_wconf 89' lang='lat' dir='ltr'><strong>dei,</strong></span> <span class='ocrx_word' id='word_1_78' title='bbox 2184 1204 2294 1269; x_wconf 89' lang='lat' dir='ltr'><strong>pa-</strong></span> 
     </span>
     <span class='ocr_line' id='line_1_12' title="bbox 143 1269 2297 1358; baseline 0 -21"><span class='ocrx_word' id='word_1_79' title='bbox 143 1274 265 1337; x_wconf 86' lang='lat' dir='ltr'><strong>tris</strong></span> <span class='ocrx_word' id='word_1_80' title='bbox 317 1281 383 1337; x_wconf 89' lang='lat' dir='ltr'><strong>et</strong></span> <span class='ocrx_word' id='word_1_81' title='bbox 428 1269 543 1336; x_wconf 92' lang='lat' dir='ltr'><strong>filii</strong></span> <span class='ocrx_word' id='word_1_82' title='bbox 589 1281 656 1336; x_wconf 88' lang='lat' dir='ltr'><strong>et</strong></span> <span class='ocrx_word' id='word_1_83' title='bbox 701 1271 968 1357; x_wconf 87' lang='lat' dir='ltr'><strong>spiritus</strong></span> <span class='ocrx_word' id='word_1_84' title='bbox 1014 1271 1254 1354; x_wconf 88' lang='lat' dir='ltr'><strong>sancti,</strong></span> <span class='ocrx_word' id='word_1_85' title='bbox 1302 1270 1567 1354; x_wconf 89' lang='lat' dir='ltr'><strong>regibus</strong></span> <span class='ocrx_word' id='word_1_86' title='bbox 1612 1294 1690 1336; x_wconf 89' lang='lat' dir='ltr'><strong>ac</strong></span> <span class='ocrx_word' id='word_1_87' title='bbox 1733 1271 1987 1358; x_wconf 87' lang='lat' dir='ltr'><strong>populis</strong></span> <span class='ocrx_word' id='word_1_88' title='bbox 2034 1271 2297 1337; x_wconf 89' lang='lat' dir='ltr'><strong>sibimet</strong></span> 
     </span>
     <span class='ocr_line' id='line_1_13' title="bbox 146 1358 2295 1446; baseline -0.001 -19"><span class='ocrx_word' id='word_1_89' title='bbox 146 1361 458 1427; x_wconf 85' lang='lat' dir='ltr'><strong>subiectis</strong></span> <span class='ocrx_word' id='word_1_90' title='bbox 506 1360 769 1425; x_wconf 84' lang='lat' dir='ltr'><strong>festinet</strong></span> <span class='ocrx_word' id='word_1_91' title='bbox 811 1358 1171 1442; x_wconf 84' lang='lat' dir='ltr'><strong>infundere,</strong></span> <span class='ocrx_word' id='word_1_92' title='bbox 1220 1369 1284 1424; x_wconf 89' lang='lat' dir='ltr'><strong>et</strong></span> <span class='ocrx_word' id='word_1_93' title='bbox 1327 1361 1626 1446; x_wconf 89' lang='lat' dir='ltr'><strong>antiquos</strong></span> <span class='ocrx_word' id='word_1_94' title='bbox 1672 1362 1885 1446; x_wconf 87' lang='lat' dir='ltr'><strong>gentis</strong></span> <span class='ocrx_word' id='word_1_95' title='bbox 1922 1382 2074 1424; x_wconf 86' lang='lat' dir='ltr'><strong>suae</strong></span> <span class='ocrx_word' id='word_1_96' title='bbox 2104 1383 2295 1446; x_wconf 89' lang='lat' dir='ltr'><strong>reges</strong></span> 
     </span>
     <span class='ocr_line' id='line_1_14' title="bbox 144 1449 2295 1536; baseline -0.001 -20"><span class='ocrx_word' id='word_1_97' title='bbox 144 1451 448 1516; x_wconf 84' lang='lat' dir='ltr'><strong>laudibus</strong></span> <span class='ocrx_word' id='word_1_98' title='bbox 495 1473 572 1514; x_wconf 88' lang='lat' dir='ltr'><strong>ac</strong></span> <span class='ocrx_word' id='word_1_99' title='bbox 616 1449 864 1514; x_wconf 88' lang='lat' dir='ltr'><strong>meritis</strong></span> <span class='ocrx_word' id='word_1_100' title='bbox 909 1457 1227 1534; x_wconf 84' lang='lat' dir='ltr'><strong>transeat,</strong></span> <span class='ocrx_word' id='word_1_101' title='bbox 1297 1458 1363 1514; x_wconf 91' lang='lat' dir='ltr'><strong>et</strong></span> <span class='ocrx_word' id='word_1_102' title='bbox 1409 1459 1647 1536; x_wconf 89' lang='lat' dir='ltr'><strong>quanto</strong></span> <span class='ocrx_word' id='word_1_103' title='bbox 1693 1452 1763 1514; x_wconf 90' lang='lat' dir='ltr'><strong>in</strong></span> <span class='ocrx_word' id='word_1_104' title='bbox 1810 1450 2116 1515; x_wconf 88' lang='lat' dir='ltr'><strong>subiectis</strong></span> <span class='ocrx_word' id='word_1_105' title='bbox 2164 1451 2295 1514; x_wconf 87' lang='lat' dir='ltr'><strong>suis</strong></span> 
     </span>
     <span class='ocr_line' id='line_1_15' title="bbox 148 1536 2295 1626; baseline -0.001 -21"><span class='ocrx_word' id='word_1_106' title='bbox 148 1541 352 1605; x_wconf 87' lang='lat' dir='ltr'><strong>etiam</strong></span> <span class='ocrx_word' id='word_1_107' title='bbox 397 1539 610 1604; x_wconf 89' lang='lat' dir='ltr'><strong>aliena</strong></span> <span class='ocrx_word' id='word_1_108' title='bbox 653 1546 925 1626; x_wconf 88' lang='lat' dir='ltr'><strong>peccata</strong></span> <span class='ocrx_word' id='word_1_109' title='bbox 971 1536 1338 1623; x_wconf 87' lang='lat' dir='ltr'><strong>deterserit,</strong></span> <span class='ocrx_word' id='word_1_110' title='bbox 1411 1547 1589 1604; x_wconf 86' lang='lat' dir='ltr'><strong>tanto</strong></span> <span class='ocrx_word' id='word_1_111' title='bbox 1637 1541 1835 1604; x_wconf 89' lang='lat' dir='ltr'><strong>etiam</strong></span> <span class='ocrx_word' id='word_1_112' title='bbox 1882 1537 1965 1604; x_wconf 90' lang='lat' dir='ltr'><strong>de</strong></span> <span class='ocrx_word' id='word_1_113' title='bbox 2010 1540 2295 1626; x_wconf 87' lang='lat' dir='ltr'><strong>peccatis</strong></span> 
     </span>
     <span class='ocr_line' id='line_1_16' title="bbox 146 1626 2297 1718; baseline 0 -26"><span class='ocrx_word' id='word_1_114' title='bbox 146 1630 432 1718; x_wconf 90' lang='lat' dir='ltr'><strong>propriis</strong></span> <span class='ocrx_word' id='word_1_115' title='bbox 501 1637 651 1694; x_wconf 87' lang='lat' dir='ltr'><strong>ante</strong></span> <span class='ocrx_word' id='word_1_116' title='bbox 728 1627 1185 1714; x_wconf 88' lang='lat' dir='ltr'><strong>omnipotentis</strong></span> <span class='ocrx_word' id='word_1_117' title='bbox 1254 1626 1359 1692; x_wconf 91' lang='lat' dir='ltr'><strong>dei</strong></span> <span class='ocrx_word' id='word_1_118' title='bbox 1419 1628 1705 1693; x_wconf 89' lang='lat' dir='ltr'><strong>terribile</strong></span> <span class='ocrx_word' id='word_1_119' title='bbox 1776 1649 2050 1693; x_wconf 86' lang='lat' dir='ltr'><strong>examen</strong></span> <span class='ocrx_word' id='word_1_120' title='bbox 2118 1649 2297 1692; x_wconf 87' lang='lat' dir='ltr'><strong>secu-</strong></span> 
     </span>
     <span class='ocr_line' id='line_1_17' title="bbox 147 1717 468 1786; baseline 0.009 -3"><span class='ocrx_word' id='word_1_121' title='bbox 147 1720 287 1783; x_wconf 87' lang='lat' dir='ltr'><strong>rior</strong></span> <span class='ocrx_word' id='word_1_122' title='bbox 333 1717 468 1786; x_wconf 79' lang='lat' dir='ltr'><strong>fiat.</strong></span> 
     </span>
    </p>

    <p class='ocr_par' dir='ltr' id='par_1_4' title="bbox 146 1805 2298 3055">
     <span class='ocr_line' id='line_1_18' title="bbox 333 1805 2296 1892; baseline -0.001 -22"><span class='ocrx_word' id='word_1_123' title='bbox 333 1805 916 1871; x_wconf 84' lang='lat' dir='ltr'><strong>Reuerentissimus</strong></span> <span class='ocrx_word' id='word_1_124' title='bbox 973 1805 1175 1871; x_wconf 82' lang='lat' dir='ltr'><strong>frater</strong></span> <span class='ocrx_word' id='word_1_125' title='bbox 1228 1811 1449 1871; x_wconf 85' lang='lat' dir='ltr'><strong>noster</strong></span> <span class='ocrx_word' id='word_1_126' title='bbox 1494 1805 1897 1891; x_wconf 85' lang='lat' dir='ltr'><strong>Augustinus</strong></span> <span class='ocrx_word' id='word_1_127' title='bbox 1958 1807 2296 1892; x_wconf 86' lang='lat' dir='ltr'><strong>episcopus</strong></span> 
     </span>
     <span class='ocr_line' id='line_1_19' title="bbox 146 1892 2297 1981; baseline -0.001 -20"><span class='ocrx_word' id='word_1_128' title='bbox 146 1899 218 1961; x_wconf 89' lang='lat' dir='ltr'><strong>in</strong></span> <span class='ocrx_word' id='word_1_129' title='bbox 259 1896 633 1960; x_wconf 85' lang='lat' dir='ltr'><strong>monasterii</strong></span> <span class='ocrx_word' id='word_1_130' title='bbox 690 1894 916 1978; x_wconf 86' lang='lat' dir='ltr'><strong>regula</strong></span> <span class='ocrx_word' id='word_1_131' title='bbox 980 1892 1262 1979; x_wconf 85' lang='lat' dir='ltr'><strong>edoctus,</strong></span> <span class='ocrx_word' id='word_1_132' title='bbox 1326 1916 1550 1960; x_wconf 87' lang='lat' dir='ltr'><strong>sacrae</strong></span> <span class='ocrx_word' id='word_1_133' title='bbox 1610 1896 1968 1981; x_wconf 83' lang='lat' dir='ltr'><strong>scripturae</strong></span> <span class='ocrx_word' id='word_1_134' title='bbox 2028 1895 2297 1960; x_wconf 87' lang='lat' dir='ltr'><strong>scientia</strong></span> 
     </span>
     <span class='ocr_line' id='line_1_20' title="bbox 148 1982 2297 2072; baseline -0.001 -22"><span class='ocrx_word' id='word_1_135' title='bbox 148 1985 465 2072; x_wconf 90' lang='lat' dir='ltr'><strong>repletus,</strong></span> <span class='ocrx_word' id='word_1_136' title='bbox 525 1983 712 2048; x_wconf 91' lang='lat' dir='ltr'><strong>bonis</strong></span> <span class='ocrx_word' id='word_1_137' title='bbox 759 1994 1023 2049; x_wconf 85' lang='lat' dir='ltr'><strong>auctore</strong></span> <span class='ocrx_word' id='word_1_138' title='bbox 1069 1982 1189 2049; x_wconf 89' lang='lat' dir='ltr'><strong>deo</strong></span> <span class='ocrx_word' id='word_1_139' title='bbox 1236 1984 1539 2070; x_wconf 88' lang='lat' dir='ltr'><strong>operibus</strong></span> <span class='ocrx_word' id='word_1_140' title='bbox 1584 1982 1913 2072; x_wconf 88' lang='lat' dir='ltr'><strong>praeditus</strong></span> <span class='ocrx_word' id='word_1_141' title='bbox 1924 2033 1943 2066; x_wconf 89' lang='lat'><strong>,</strong></span> <span class='ocrx_word' id='word_1_142' title='bbox 2007 2004 2297 2070; x_wconf 90' lang='lat' dir='ltr'><strong>quaeque</strong></span> 
     </span>
     <span class='ocr_line' id='line_1_21' title="bbox 148 2071 2297 2160; baseline -0 -22"><span class='ocrx_word' id='word_1_143' title='bbox 148 2097 272 2139; x_wconf 91' lang='lat' dir='ltr'><strong>uos</strong></span> <span class='ocrx_word' id='word_1_144' title='bbox 319 2083 666 2157; x_wconf 83' lang='lat' dir='ltr'><strong>ammonet,</strong></span> <span class='ocrx_word' id='word_1_145' title='bbox 715 2071 948 2158; x_wconf 89' lang='lat' dir='ltr'><strong>audite,</strong></span> <span class='ocrx_word' id='word_1_146' title='bbox 997 2071 1231 2138; x_wconf 89' lang='lat' dir='ltr'><strong>deuote</strong></span> <span class='ocrx_word' id='word_1_147' title='bbox 1275 2075 1593 2160; x_wconf 83' lang='lat' dir='ltr'><strong>peragite,</strong></span> <span class='ocrx_word' id='word_1_148' title='bbox 1644 2072 1927 2138; x_wconf 88' lang='lat' dir='ltr'><strong>studiose</strong></span> <span class='ocrx_word' id='word_1_149' title='bbox 1958 2074 2026 2138; x_wconf 92' lang='lat' dir='ltr'><strong>in</strong></span> <span class='ocrx_word' id='word_1_150' title='bbox 2058 2094 2297 2138; x_wconf 90' lang='lat' dir='ltr'><strong>memo-</strong></span> 
     </span>
     <span class='ocr_line' id='line_1_22' title="bbox 147 2159 2296 2250; baseline -0.002 -20"><span class='ocrx_word' id='word_1_151' title='bbox 147 2167 252 2230; x_wconf 89' lang='lat' dir='ltr'><strong>ria</strong></span> <span class='ocrx_word' id='word_1_152' title='bbox 296 2171 656 2229; x_wconf 85' lang='lat' dir='ltr'><strong>reseruate:</strong></span> <span class='ocrx_word' id='word_1_153' title='bbox 725 2163 902 2249; x_wconf 88' lang='lat' dir='ltr'><strong>quia,</strong></span> <span class='ocrx_word' id='word_1_154' title='bbox 969 2163 1024 2227; x_wconf 91' lang='lat' dir='ltr'><strong>si</strong></span> <span class='ocrx_word' id='word_1_155' title='bbox 1069 2186 1184 2228; x_wconf 89' lang='lat' dir='ltr'><strong>uos</strong></span> <span class='ocrx_word' id='word_1_156' title='bbox 1230 2185 1380 2228; x_wconf 90' lang='lat' dir='ltr'><strong>eum</strong></span> <span class='ocrx_word' id='word_1_157' title='bbox 1426 2166 1492 2228; x_wconf 89' lang='lat' dir='ltr'><strong>in</strong></span> <span class='ocrx_word' id='word_1_158' title='bbox 1540 2186 1645 2249; x_wconf 90' lang='lat' dir='ltr'><strong>eo,</strong></span> <span class='ocrx_word' id='word_1_159' title='bbox 1713 2159 1884 2250; x_wconf 89' lang='lat' dir='ltr'><strong>quod</strong></span> <span class='ocrx_word' id='word_1_160' title='bbox 1930 2184 2047 2250; x_wconf 93' lang='lat' dir='ltr'><strong>pro</strong></span> <span class='ocrx_word' id='word_1_161' title='bbox 2095 2163 2296 2227; x_wconf 90' lang='lat' dir='ltr'><strong>omni-</strong></span> 
     </span>
     <span class='ocr_line' id='line_1_23' title="bbox 149 2249 2295 2343; baseline -0.002 -25"><span class='ocrx_word' id='word_1_162' title='bbox 149 2262 420 2343; x_wconf 90' lang='lat' dir='ltr'><strong>potente</strong></span> <span class='ocrx_word' id='word_1_163' title='bbox 465 2251 726 2318; x_wconf 90' lang='lat' dir='ltr'><strong>domino</strong></span> <span class='ocrx_word' id='word_1_164' title='bbox 771 2252 1069 2339; x_wconf 86' lang='lat' dir='ltr'><strong>loquitur,</strong></span> <span class='ocrx_word' id='word_1_165' title='bbox 1127 2250 1387 2337; x_wconf 84' lang='lat' dir='ltr'><strong>auditis,</strong></span> <span class='ocrx_word' id='word_1_166' title='bbox 1434 2253 1640 2319; x_wconf 89' lang='lat' dir='ltr'><strong>isdem</strong></span> <span class='ocrx_word' id='word_1_167' title='bbox 1688 2252 2092 2339; x_wconf 86' lang='lat' dir='ltr'><strong>omnipotens</strong></span> <span class='ocrx_word' id='word_1_168' title='bbox 2138 2249 2295 2315; x_wconf 86' lang='lat' dir='ltr'><strong>deus</strong></span> 
     </span>
     <span class='ocr_line' id='line_1_24' title="bbox 151 2340 2295 2428; baseline -0.001 -21"><span class='ocrx_word' id='word_1_169' title='bbox 151 2344 329 2407; x_wconf 90' lang='lat' dir='ltr'><strong>hunc</strong></span> <span class='ocrx_word' id='word_1_170' title='bbox 393 2363 510 2428; x_wconf 91' lang='lat' dir='ltr'><strong>pro</strong></span> <span class='ocrx_word' id='word_1_171' title='bbox 573 2341 758 2405; x_wconf 91' lang='lat' dir='ltr'><strong>uobis</strong></span> <span class='ocrx_word' id='word_1_172' title='bbox 823 2351 1199 2407; x_wconf 88' lang='lat' dir='ltr'><strong>exorantem</strong></span> <span class='ocrx_word' id='word_1_173' title='bbox 1265 2341 1538 2407; x_wconf 90' lang='lat' dir='ltr'><strong>celerius</strong></span> <span class='ocrx_word' id='word_1_174' title='bbox 1602 2342 1883 2407; x_wconf 85' lang='lat' dir='ltr'><strong>exaudit.</strong></span> <span class='ocrx_word' id='word_1_175' title='bbox 1978 2340 2049 2405; x_wconf 90' lang='lat' dir='ltr'><strong>Si</strong></span> <span class='ocrx_word' id='word_1_176' title='bbox 2102 2341 2295 2423; x_wconf 90' lang='lat' dir='ltr'><strong>enim,</strong></span> 
     </span>
     <span class='ocr_line' id='line_1_25' title="bbox 154 2429 2297 2519; baseline -0.001 -24"><span class='ocrx_word' id='word_1_177' title='bbox 154 2430 331 2519; x_wconf 89' lang='lat' dir='ltr'><strong>quod</strong></span> <span class='ocrx_word' id='word_1_178' title='bbox 391 2432 588 2515; x_wconf 84' lang='lat' dir='ltr'><strong>absit,</strong></span> <span class='ocrx_word' id='word_1_179' title='bbox 656 2430 860 2495; x_wconf 91' lang='lat' dir='ltr'><strong>uerba</strong></span> <span class='ocrx_word' id='word_1_180' title='bbox 919 2432 1056 2495; x_wconf 90' lang='lat' dir='ltr'><strong>eius</strong></span> <span class='ocrx_word' id='word_1_181' title='bbox 1116 2431 1501 2517; x_wconf 82' lang='lat' dir='ltr'><strong>postponitis</strong></span> <span class='ocrx_word' id='word_1_182' title='bbox 1509 2482 1528 2517; x_wconf 99' lang='lat'><strong>,</strong></span> <span class='ocrx_word' id='word_1_183' title='bbox 1600 2429 1853 2518; x_wconf 85' lang='lat' dir='ltr'><strong>quando</strong></span> <span class='ocrx_word' id='word_1_184' title='bbox 1902 2451 2050 2495; x_wconf 91' lang='lat' dir='ltr'><strong>eum</strong></span> <span class='ocrx_word' id='word_1_185' title='bbox 2096 2429 2297 2494; x_wconf 91' lang='lat' dir='ltr'><strong>omni-</strong></span> 
     </span>
     <span class='ocr_line' id='line_1_26' title="bbox 146 2518 2297 2609; baseline -0.001 -24"><span class='ocrx_word' id='word_1_186' title='bbox 146 2531 382 2609; x_wconf 87' lang='lat' dir='ltr'><strong>potens</strong></span> <span class='ocrx_word' id='word_1_187' title='bbox 430 2518 586 2584; x_wconf 89' lang='lat' dir='ltr'><strong>deus</strong></span> <span class='ocrx_word' id='word_1_188' title='bbox 631 2522 873 2606; x_wconf 88' lang='lat' dir='ltr'><strong>poterit</strong></span> <span class='ocrx_word' id='word_1_189' title='bbox 919 2519 1140 2585; x_wconf 86' lang='lat' dir='ltr'><strong>audire</strong></span> <span class='ocrx_word' id='word_1_190' title='bbox 1175 2542 1294 2607; x_wconf 92' lang='lat' dir='ltr'><strong>pro</strong></span> <span class='ocrx_word' id='word_1_191' title='bbox 1323 2520 1533 2598; x_wconf 88' lang='lat' dir='ltr'><strong>uobis,</strong></span> <span class='ocrx_word' id='word_1_192' title='bbox 1582 2543 1775 2606; x_wconf 88' lang='lat' dir='ltr'><strong>quem</strong></span> <span class='ocrx_word' id='word_1_193' title='bbox 1804 2541 1923 2584; x_wconf 90' lang='lat' dir='ltr'><strong>uos</strong></span> <span class='ocrx_word' id='word_1_194' title='bbox 1952 2518 2297 2604; x_wconf 86' lang='lat' dir='ltr'><strong>neglegitis</strong></span> 
     </span>
     <span class='ocr_line' id='line_1_27' title="bbox 147 2606 2298 2696; baseline -0.002 -20"><span class='ocrx_word' id='word_1_195' title='bbox 147 2610 378 2676; x_wconf 90' lang='lat' dir='ltr'><strong>audire</strong></span> <span class='ocrx_word' id='word_1_196' title='bbox 423 2632 540 2696; x_wconf 91' lang='lat' dir='ltr'><strong>pro</strong></span> <span class='ocrx_word' id='word_1_197' title='bbox 587 2606 754 2673; x_wconf 79' lang='lat' dir='ltr'><strong>deo?</strong></span> <span class='ocrx_word' id='word_1_198' title='bbox 848 2607 1018 2673; x_wconf 81' lang='lat' dir='ltr'><strong>Tota</strong></span> <span class='ocrx_word' id='word_1_199' title='bbox 1071 2609 1280 2693; x_wconf 90' lang='lat' dir='ltr'><strong>igitur</strong></span> <span class='ocrx_word' id='word_1_200' title='bbox 1322 2619 1541 2675; x_wconf 91' lang='lat' dir='ltr'><strong>mente</strong></span> <span class='ocrx_word' id='word_1_201' title='bbox 1588 2632 1736 2674; x_wconf 88' lang='lat' dir='ltr'><strong>cum</strong></span> <span class='ocrx_word' id='word_1_202' title='bbox 1782 2632 1855 2674; x_wconf 93' lang='lat' dir='ltr'><strong>eo</strong></span> <span class='ocrx_word' id='word_1_203' title='bbox 1902 2630 2018 2672; x_wconf 89' lang='lat' dir='ltr'><strong>uos</strong></span> <span class='ocrx_word' id='word_1_204' title='bbox 2060 2610 2131 2672; x_wconf 89' lang='lat' dir='ltr'><strong>in</strong></span> <span class='ocrx_word' id='word_1_205' title='bbox 2174 2608 2298 2673; x_wconf 85' lang='lat' dir='ltr'><strong>fer-</strong></span> 
     </span>
     <span class='ocr_line' id='line_1_28' title="bbox 146 2696 2297 2785; baseline -0.002 -20"><span class='ocrx_word' id='word_1_206' title='bbox 146 2722 306 2765; x_wconf 92' lang='lat' dir='ltr'><strong>uore</strong></span> <span class='ocrx_word' id='word_1_207' title='bbox 353 2698 506 2763; x_wconf 87' lang='lat' dir='ltr'><strong>fidei</strong></span> <span class='ocrx_word' id='word_1_208' title='bbox 551 2698 850 2781; x_wconf 86' lang='lat' dir='ltr'><strong>stringite</strong></span> <span class='ocrx_word' id='word_1_209' title='bbox 914 2709 1108 2785; x_wconf 90' lang='lat' dir='ltr'><strong>atque</strong></span> <span class='ocrx_word' id='word_1_210' title='bbox 1171 2696 1469 2764; x_wconf 85' lang='lat' dir='ltr'><strong>adnisum</strong></span> <span class='ocrx_word' id='word_1_211' title='bbox 1530 2698 1697 2764; x_wconf 89' lang='lat' dir='ltr'><strong>illius</strong></span> <span class='ocrx_word' id='word_1_212' title='bbox 1761 2700 2030 2780; x_wconf 86' lang='lat' dir='ltr'><strong>uirtute,</strong></span> <span class='ocrx_word' id='word_1_213' title='bbox 2101 2719 2297 2784; x_wconf 90' lang='lat' dir='ltr'><strong>quam</strong></span> 
     </span>
     <span class='ocr_line' id='line_1_29' title="bbox 146 2786 2294 2874; baseline -0.001 -20"><span class='ocrx_word' id='word_1_214' title='bbox 146 2790 336 2854; x_wconf 88' lang='lat' dir='ltr'><strong>uobis</strong></span> <span class='ocrx_word' id='word_1_215' title='bbox 395 2788 698 2853; x_wconf 90' lang='lat' dir='ltr'><strong>diuinitas</strong></span> <span class='ocrx_word' id='word_1_216' title='bbox 757 2787 1013 2871; x_wconf 88' lang='lat' dir='ltr'><strong>tribuit,</strong></span> <span class='ocrx_word' id='word_1_217' title='bbox 1079 2786 1410 2872; x_wconf 85' lang='lat' dir='ltr'><strong>adiuuate,</strong></span> <span class='ocrx_word' id='word_1_218' title='bbox 1478 2796 1549 2852; x_wconf 85' lang='lat' dir='ltr'><strong>ut</strong></span> <span class='ocrx_word' id='word_1_219' title='bbox 1611 2789 1799 2873; x_wconf 88' lang='lat' dir='ltr'><strong>regni</strong></span> <span class='ocrx_word' id='word_1_220' title='bbox 1846 2787 1943 2852; x_wconf 90' lang='lat' dir='ltr'><strong>sui</strong></span> <span class='ocrx_word' id='word_1_221' title='bbox 1988 2808 2106 2851; x_wconf 93' lang='lat' dir='ltr'><strong>uos</strong></span> <span class='ocrx_word' id='word_1_222' title='bbox 2152 2787 2294 2874; x_wconf 89' lang='lat' dir='ltr'><strong>ipse</strong></span> 
     </span>
     <span class='ocr_line' id='line_1_30' title="bbox 151 2875 2296 2962; baseline -0.002 -19"><span class='ocrx_word' id='word_1_223' title='bbox 151 2880 355 2943; x_wconf 86' lang='lat' dir='ltr'><strong>faciat</strong></span> <span class='ocrx_word' id='word_1_224' title='bbox 415 2898 556 2941; x_wconf 90' lang='lat' dir='ltr'><strong>esse</strong></span> <span class='ocrx_word' id='word_1_225' title='bbox 617 2877 994 2962; x_wconf 87' lang='lat' dir='ltr'><strong>participes,</strong></span> <span class='ocrx_word' id='word_1_226' title='bbox 1061 2878 1242 2942; x_wconf 89' lang='lat' dir='ltr'><strong>cuius</strong></span> <span class='ocrx_word' id='word_1_227' title='bbox 1299 2899 1418 2942; x_wconf 89' lang='lat' dir='ltr'><strong>uos</strong></span> <span class='ocrx_word' id='word_1_228' title='bbox 1473 2875 1668 2942; x_wconf 88' lang='lat' dir='ltr'><strong>fidem</strong></span> <span class='ocrx_word' id='word_1_229' title='bbox 1714 2879 1781 2941; x_wconf 91' lang='lat' dir='ltr'><strong>in</strong></span> <span class='ocrx_word' id='word_1_230' title='bbox 1826 2898 2030 2961; x_wconf 91' lang='lat' dir='ltr'><strong>regno</strong></span> <span class='ocrx_word' id='word_1_231' title='bbox 2075 2884 2296 2941; x_wconf 88' lang='lat' dir='ltr'><strong>uestro</strong></span> 
     </span>
     <span class='ocr_line' id='line_1_31' title="bbox 148 2964 1143 3055; baseline 0.002 -23"><span class='ocrx_word' id='word_1_232' title='bbox 148 2968 356 3055; x_wconf 90' lang='lat' dir='ltr'><strong>recipi</strong></span> <span class='ocrx_word' id='word_1_233' title='bbox 403 2966 658 3031; x_wconf 85' lang='lat' dir='ltr'><strong>faciatis</strong></span> <span class='ocrx_word' id='word_1_234' title='bbox 705 2974 772 3029; x_wconf 88' lang='lat' dir='ltr'><strong>et</strong></span> <span class='ocrx_word' id='word_1_235' title='bbox 817 2964 1143 3034; x_wconf 83' lang='lat' dir='ltr'><strong>custodiri.</strong></span> 
     </span>
    </p>

    <p class='ocr_par' dir='ltr' id='par_1_5' title="bbox 150 3054 2299 3945">
     <span class='ocr_line' id='line_1_32' title="bbox 329 3054 2299 3141; baseline -0.002 -21"><span class='ocrx_word' id='word_1_236' title='bbox 329 3056 684 3121; x_wconf 88' lang='lat' dir='ltr'><strong>Praeterea</strong></span> <span class='ocrx_word' id='word_1_237' title='bbox 729 3056 895 3120; x_wconf 87' lang='lat' dir='ltr'><strong>scire</strong></span> <span class='ocrx_word' id='word_1_238' title='bbox 923 3064 1209 3121; x_wconf 91' lang='lat' dir='ltr'><strong>uestram</strong></span> <span class='ocrx_word' id='word_1_239' title='bbox 1239 3054 1516 3139; x_wconf 88' lang='lat' dir='ltr'><strong>gloriam</strong></span> <span class='ocrx_word' id='word_1_240' title='bbox 1546 3055 1863 3134; x_wconf 88' lang='lat' dir='ltr'><strong>uolumus,</strong></span> <span class='ocrx_word' id='word_1_241' title='bbox 1913 3055 2082 3141; x_wconf 90' lang='lat' dir='ltr'><strong>quia,</strong></span> <span class='ocrx_word' id='word_1_242' title='bbox 2132 3054 2299 3117; x_wconf 88' lang='lat' dir='ltr'><strong>sicut</strong></span> 
     </span>
     <span class='ocr_line' id='line_1_33' title="bbox 150 3142 2295 3231; baseline -0.002 -21"><span class='ocrx_word' id='word_1_243' title='bbox 150 3147 216 3210; x_wconf 91' lang='lat' dir='ltr'><strong>in</strong></span> <span class='ocrx_word' id='word_1_244' title='bbox 264 3146 589 3231; x_wconf 85' lang='lat' dir='ltr'><strong>scriptura</strong></span> <span class='ocrx_word' id='word_1_245' title='bbox 635 3167 820 3210; x_wconf 88' lang='lat' dir='ltr'><strong>sacra</strong></span> <span class='ocrx_word' id='word_1_246' title='bbox 866 3167 948 3210; x_wconf 88' lang='lat' dir='ltr'><strong>ex</strong></span> <span class='ocrx_word' id='word_1_247' title='bbox 992 3145 1210 3210; x_wconf 91' lang='lat' dir='ltr'><strong>uerbis</strong></span> <span class='ocrx_word' id='word_1_248' title='bbox 1273 3142 1518 3209; x_wconf 92' lang='lat' dir='ltr'><strong>domini</strong></span> <span class='ocrx_word' id='word_1_249' title='bbox 1580 3145 2035 3231; x_wconf 86' lang='lat' dir='ltr'><strong>omnipotentis</strong></span> <span class='ocrx_word' id='word_1_250' title='bbox 2095 3163 2295 3226; x_wconf 87' lang='lat' dir='ltr'><strong>agno-</strong></span> 
     </span>
     <span class='ocr_line' id='line_1_34' title="bbox 152 3233 2298 3321; baseline -0.002 -22"><span class='ocrx_word' id='word_1_251' title='bbox 152 3237 413 3319; x_wconf 87' lang='lat' dir='ltr'><strong>scimus,</strong></span> <span class='ocrx_word' id='word_1_252' title='bbox 469 3234 827 3321; x_wconf 89' lang='lat' dir='ltr'><strong>praesentis</strong></span> <span class='ocrx_word' id='word_1_253' title='bbox 881 3233 1103 3298; x_wconf 91' lang='lat' dir='ltr'><strong>mundi</strong></span> <span class='ocrx_word' id='word_1_254' title='bbox 1153 3236 1285 3299; x_wconf 89' lang='lat' dir='ltr'><strong>iam</strong></span> <span class='ocrx_word' id='word_1_255' title='bbox 1339 3234 1653 3299; x_wconf 86' lang='lat' dir='ltr'><strong>terminus</strong></span> <span class='ocrx_word' id='word_1_256' title='bbox 1698 3235 1882 3297; x_wconf 88' lang='lat' dir='ltr'><strong>iuxta</strong></span> <span class='ocrx_word' id='word_1_257' title='bbox 1927 3240 2024 3296; x_wconf 85' lang='lat' dir='ltr'><strong>est</strong></span> <span class='ocrx_word' id='word_1_258' title='bbox 2048 3241 2113 3296; x_wconf 91' lang='lat' dir='ltr'><strong>et</strong></span> <span class='ocrx_word' id='word_1_259' title='bbox 2158 3252 2298 3295; x_wconf 86' lang='lat' dir='ltr'><strong>san-</strong></span> 
     </span>
     <span class='ocr_line' id='line_1_35' title="bbox 151 3319 2299 3409; baseline -0.003 -20"><span class='ocrx_word' id='word_1_260' title='bbox 151 3334 407 3389; x_wconf 86' lang='lat' dir='ltr'><strong>ctorum</strong></span> <span class='ocrx_word' id='word_1_261' title='bbox 453 3344 728 3407; x_wconf 88' lang='lat' dir='ltr'><strong>regnum</strong></span> <span class='ocrx_word' id='word_1_262' title='bbox 771 3331 1114 3387; x_wconf 85' lang='lat' dir='ltr'><strong>uenturum</strong></span> <span class='ocrx_word' id='word_1_263' title='bbox 1141 3332 1256 3407; x_wconf 87' lang='lat' dir='ltr'><strong>est,</strong></span> <span class='ocrx_word' id='word_1_264' title='bbox 1307 3323 1478 3409; x_wconf 93' lang='lat' dir='ltr'><strong>quod</strong></span> <span class='ocrx_word' id='word_1_265' title='bbox 1508 3322 1682 3387; x_wconf 92' lang='lat' dir='ltr'><strong>nullo</strong></span> <span class='ocrx_word' id='word_1_266' title='bbox 1728 3342 2012 3408; x_wconf 85' lang='lat' dir='ltr'><strong>unquam</strong></span> <span class='ocrx_word' id='word_1_267' title='bbox 2058 3319 2299 3405; x_wconf 87' lang='lat' dir='ltr'><strong>poterit</strong></span> 
     </span>
     <span class='ocr_line' id='line_1_36' title="bbox 151 3408 2296 3500; baseline -0.002 -23"><span class='ocrx_word' id='word_1_268' title='bbox 151 3412 276 3478; x_wconf 89' lang='lat' dir='ltr'><strong>fine</strong></span> <span class='ocrx_word' id='word_1_269' title='bbox 324 3414 679 3477; x_wconf 88' lang='lat' dir='ltr'><strong>terminari.</strong></span> <span class='ocrx_word' id='word_1_270' title='bbox 742 3409 1327 3500; x_wconf 89' lang='lat' dir='ltr'><strong>Adpropinquante</strong></span> <span class='ocrx_word' id='word_1_271' title='bbox 1372 3422 1592 3477; x_wconf 89' lang='lat' dir='ltr'><strong>autem</strong></span> <span class='ocrx_word' id='word_1_272' title='bbox 1640 3410 1868 3476; x_wconf 90' lang='lat' dir='ltr'><strong>eodem</strong></span> <span class='ocrx_word' id='word_1_273' title='bbox 1913 3408 2133 3474; x_wconf 90' lang='lat' dir='ltr'><strong>mundi</strong></span> <span class='ocrx_word' id='word_1_274' title='bbox 2170 3417 2296 3474; x_wconf 88' lang='lat' dir='ltr'><strong>ter-</strong></span> 
     </span>
     <span class='ocr_line' id='line_1_37' title="bbox 151 3498 2299 3588; baseline -0.002 -21"><span class='ocrx_word' id='word_1_275' title='bbox 151 3504 348 3585; x_wconf 91' lang='lat' dir='ltr'><strong>mino,</strong></span> <span class='ocrx_word' id='word_1_276' title='bbox 398 3502 604 3565; x_wconf 86' lang='lat' dir='ltr'><strong>multa</strong></span> <span class='ocrx_word' id='word_1_277' title='bbox 637 3502 992 3586; x_wconf 87' lang='lat' dir='ltr'><strong>imminent,</strong></span> <span class='ocrx_word' id='word_1_278' title='bbox 1042 3523 1208 3588; x_wconf 88' lang='lat' dir='ltr'><strong>quae</strong></span> <span class='ocrx_word' id='word_1_279' title='bbox 1254 3509 1448 3566; x_wconf 89' lang='lat' dir='ltr'><strong>antea</strong></span> <span class='ocrx_word' id='word_1_280' title='bbox 1489 3521 1619 3565; x_wconf 92' lang='lat' dir='ltr'><strong>non</strong></span> <span class='ocrx_word' id='word_1_281' title='bbox 1663 3501 1950 3565; x_wconf 83' lang='lat' dir='ltr'><strong>fuerunt:</strong></span> <span class='ocrx_word' id='word_1_282' title='bbox 1996 3498 2299 3563; x_wconf 90' lang='lat' dir='ltr'><strong>uidelicet</strong></span> 
     </span>
     <span class='ocr_line' id='line_1_38' title="bbox 152 3586 2295 3678; baseline -0.002 -23"><span class='ocrx_word' id='word_1_283' title='bbox 152 3591 632 3655; x_wconf 85' lang='lat' dir='ltr'><strong>immutationes</strong></span> <span class='ocrx_word' id='word_1_284' title='bbox 690 3592 860 3656; x_wconf 89' lang='lat' dir='ltr'><strong>aeris</strong></span> <span class='ocrx_word' id='word_1_285' title='bbox 917 3599 1322 3678; x_wconf 88' lang='lat' dir='ltr'><strong>terroresque</strong></span> <span class='ocrx_word' id='word_1_286' title='bbox 1380 3590 1463 3656; x_wconf 90' lang='lat' dir='ltr'><strong>de</strong></span> <span class='ocrx_word' id='word_1_287' title='bbox 1522 3589 1700 3654; x_wconf 82' lang='lat' dir='ltr'><strong>caelo</strong></span> <span class='ocrx_word' id='word_1_288' title='bbox 1750 3598 1812 3654; x_wconf 90' lang='lat' dir='ltr'><strong>et</strong></span> <span class='ocrx_word' id='word_1_289' title='bbox 1858 3596 2082 3654; x_wconf 86' lang='lat' dir='ltr'><strong>contra</strong></span> <span class='ocrx_word' id='word_1_290' title='bbox 2128 3586 2295 3652; x_wconf 85' lang='lat' dir='ltr'><strong>ordi-</strong></span> 
     </span>
     <span class='ocr_line' id='line_1_39' title="bbox 152 3676 2295 3768; baseline -0.002 -23"><span class='ocrx_word' id='word_1_291' title='bbox 152 3682 481 3745; x_wconf 89' lang='lat' dir='ltr'><strong>nationem</strong></span> <span class='ocrx_word' id='word_1_292' title='bbox 513 3687 879 3767; x_wconf 90' lang='lat' dir='ltr'><strong>temporum</strong></span> <span class='ocrx_word' id='word_1_293' title='bbox 909 3688 1352 3768; x_wconf 86' lang='lat' dir='ltr'><strong>tempestates,</strong></span> <span class='ocrx_word' id='word_1_294' title='bbox 1386 3678 1578 3763; x_wconf 93' lang='lat' dir='ltr'><strong>bella,</strong></span> <span class='ocrx_word' id='word_1_295' title='bbox 1610 3678 1836 3761; x_wconf 75' lang='lat' dir='ltr'><strong>fameS,</strong></span> <span class='ocrx_word' id='word_1_296' title='bbox 1869 3676 2295 3766; x_wconf 89' lang='lat' dir='ltr'><strong>pestilentiae,</strong></span> 
     </span>
     <span class='ocr_line' id='line_1_40' title="bbox 153 3767 2298 3856; baseline -0.002 -23"><span class='ocrx_word' id='word_1_297' title='bbox 153 3779 370 3834; x_wconf 84' lang='lat' dir='ltr'><strong>terrae</strong></span> <span class='ocrx_word' id='word_1_298' title='bbox 429 3778 642 3833; x_wconf 88' lang='lat' dir='ltr'><strong>motus</strong></span> <span class='ocrx_word' id='word_1_299' title='bbox 700 3792 818 3856; x_wconf 89' lang='lat' dir='ltr'><strong>per</strong></span> <span class='ocrx_word' id='word_1_300' title='bbox 863 3770 1030 3845; x_wconf 83' lang='lat' dir='ltr'><strong>loea3</strong></span> <span class='ocrx_word' id='word_1_301' title='bbox 1097 3792 1263 3855; x_wconf 91' lang='lat' dir='ltr'><strong>quae</strong></span> <span class='ocrx_word' id='word_1_302' title='bbox 1322 3778 1543 3834; x_wconf 87' lang='lat' dir='ltr'><strong>tamen</strong></span> <span class='ocrx_word' id='word_1_303' title='bbox 1598 3791 1727 3834; x_wconf 92' lang='lat' dir='ltr'><strong>non</strong></span> <span class='ocrx_word' id='word_1_304' title='bbox 1788 3770 2004 3834; x_wconf 88' lang='lat' dir='ltr'><strong>omnia</strong></span> <span class='ocrx_word' id='word_1_305' title='bbox 2060 3767 2298 3831; x_wconf 89' lang='lat' dir='ltr'><strong>nostris</strong></span> 
     </span>
     <span class='ocr_line' id='line_1_41' title="bbox 156 3854 2297 3945; baseline -0.002 -22"><span class='ocrx_word' id='word_1_306' title='bbox 156 3858 384 3924; x_wconf 90' lang='lat' dir='ltr'><strong>diebus</strong></span> <span class='ocrx_word' id='word_1_307' title='bbox 446 3865 722 3924; x_wconf 86' lang='lat' dir='ltr'><strong>uentura</strong></span> <span class='ocrx_word' id='word_1_308' title='bbox 782 3868 957 3941; x_wconf 87' lang='lat' dir='ltr'><strong>sunt,</strong></span> <span class='ocrx_word' id='word_1_309' title='bbox 1022 3858 1136 3923; x_wconf 90' lang='lat' dir='ltr'><strong>sed</strong></span> <span class='ocrx_word' id='word_1_310' title='bbox 1195 3868 1342 3945; x_wconf 91' lang='lat' dir='ltr'><strong>post</strong></span> <span class='ocrx_word' id='word_1_311' title='bbox 1404 3867 1657 3923; x_wconf 87' lang='lat' dir='ltr'><strong>nostros</strong></span> <span class='ocrx_word' id='word_1_312' title='bbox 1704 3856 1842 3923; x_wconf 89' lang='lat' dir='ltr'><strong>dies</strong></span> <span class='ocrx_word' id='word_1_313' title='bbox 1889 3858 2105 3922; x_wconf 88' lang='lat' dir='ltr'><strong>omnia</strong></span> <span class='ocrx_word' id='word_1_314' title='bbox 2151 3854 2297 3920; x_wconf 90' lang='lat' dir='ltr'><strong>sub-</strong></span> 
     </span>
    </p>
   </div>
  </div>
 </body>
</html>
