2723 4326
388 176 519 240 234
2366 176 2430 228 V.
2467 177 2536 231 6-

388 350 595 417 adhuc
642 352 926 416 animum
971 350 1261 437 perfecte
1306 372 1349 415 a
1392 351 1780 415 iuuenilibus
1821 350 2126 416 cohibens
2159 352 2527 437 inlecebriS‚

390 442 660 526 contigit
706 440 810 504 die
858 439 1134 526 quadam
1179 460 1295 504 nos
1343 441 1468 504 iter
1513 449 1781 525 agentes
1828 462 1975 504 cum
2019 439 2127 504 illo
2187 440 2531 507 deuenisse

392 532 459 593 in
503 530 676 595 uiam
738 529 998 615 planam
1058 537 1123 592 et
1177 528 1460 615 amplam
1519 544 1869 615 aptamque
1917 531 2128 593 cursui
2176 551 2486 615 equorum
2503 554 2526 595 ε

390 627 866 705 coeperuntque
912 619 1175 681 iuuenes
1194 668 1213 702 ,
1262 619 1372 703 qui
1404 638 1552 681 cum
1581 619 1720 703 ipso
1754 627 1972 700 erant,
2019 620 2302 683 maxime
2345 620 2520 704 laici,

386 708 710 794 postulare
759 708 1151 794 episcopum,
1198 716 1269 771 ut
1317 729 1508 770 cursu
1553 707 1798 770 maiore
1831 729 2027 792 equos
2060 730 2206 771 suos
2235 709 2521 775 inuicem

389 796 663 882 probare
707 796 955 863 liceret.
1043 794 1136 859 At
1180 794 1287 859 ille
1334 796 1542 881 primo
1601 796 1896 880 negauit,
1964 797 2239 861 otiosum
2297 796 2520 863 dicens

386 908 549 967 esse,
598 884 769 971 quod
816 882 1309 966 desiderabant3
1358 883 1472 948 sed
1517 881 1600 947 ad
1644 884 1940 949 ultimum
1987 884 2332 950 multorum
2365 909 2524 951 una-

386 976 561 1038 nima
604 974 959 1038 intentione
1010 972 1331 1037 deuictus:
1388 969 1718 1059 „Facite“,
1765 974 1972 1058 inquit
2027 975 2121 1059 „si
2159 975 2371 1059 uultis,
2425 977 2519 1041 ita

387 1073 624 1146 tamen,
693 1072 764 1126 ut
809 1060 1141 1127 Herebald
1185 1061 1269 1126 ab
1316 1060 1422 1125 illo
1472 1084 1541 1125 se
1589 1063 1940 1126 certamine
1985 1061 2272 1126 funditus
2317 1064 2518 1130 absti-

388 1149 604 1217 neat“.
687 1151 888 1215 Porro
933 1152 1073 1237 ipse
1120 1148 1489 1234 diligentius
1538 1150 1902 1234 obsecrans,
1949 1159 2022 1214 ut
2067 1160 2132 1215 et
2177 1153 2333 1235 mihi
2381 1175 2519 1218 cer-

387 1240 568 1305 tandi
638 1262 783 1304 cum
841 1240 966 1303 illis
1028 1240 1214 1326 copia
1268 1237 1587 1327 daretur„
1625 1236 1932 1325 (fidebam
1988 1262 2268 1325 namque
2329 1264 2512 1327 equ0,

387 1352 581 1415 quem
627 1328 784 1392 mihi
829 1330 967 1415 ipse
1036 1329 1349 1413 optimum
1410 1325 1788 1413 donauerat)
1849 1350 2256 1414 nequaquam
2315 1332 2515 1417 impe-

388 1428 563 1482 trare
608 1418 806 1503 potui.

569 1505 680 1569 ‘At
724 1527 871 1569 cum
916 1506 1170 1591 saepius
1215 1503 1341 1569 huc
1386 1513 1581 1590 atque
1645 1505 1828 1589 illuc,
1895 1514 2230 1592 spectante
2286 1531 2392 1573 me
2455 1518 2518 1572 et

389 1596 711 1681 episcopo,
780 1594 1116 1658 concitatis
1182 1594 1250 1657 in
1320 1616 1580 1659 cursum
1649 1596 1830 1679 equis
1887 1603 2401 1680 reuerterentur-3
2453 1606 2517 1661 et

389 1686 525 1771 ipse
567 1684 809 1748 lasciuo
857 1692 1197 1769 superatus
1242 1685 1457 1748 animo
1503 1705 1632 1747 non
1678 1706 1782 1747 me
1812 1686 1994 1770 potui
2025 1682 2344 1770 cohibere,
2382 1686 2515 1767 sed,

388 1772 769 1859 prohibente
812 1773 965 1837 licet
1010 1772 1140 1852 illo,
1186 1770 1552 1836 ludentibus
1599 1792 1704 1836 me
1750 1774 1978 1836 miscui
2008 1782 2074 1837 et
2105 1775 2293 1838 simul
2323 1797 2517 1839 cursu

386 1864 539 1947 equi
585 1860 969 1925 contendere
1016 1862 1217 1947 coepi.
1312 1858 1500 1937 Quod
1547 1858 1698 1923 dum
1741 1881 2026 1946 agerem,
2073 1862 2292 1928 audiui
2331 1864 2516 1928 illum

386 1958 535 2036 post
579 1958 837 2035 tergum
882 1950 1039 2013 mihi
1083 1971 1229 2013 cum
1276 1952 1521 2034 gemitu
1568 1946 1922 2015 dicentem:
1975 1948 2078 2037 „O
2127 1973 2321 2037 quam
2375 1974 2514 2016 ma-

389 2060 588 2122 gnum
620 2061 741 2103 uae
772 2039 929 2102 facis
960 2038 1117 2103 mihi
1147 2040 1240 2102 sic
1272 2036 1619 2123 equitando
1638 2034 1694 2101 !“
1744 2038 1833 2102 Et
1861 2059 1985 2124 ego
2018 2038 2301 2124 audienS,
2349 2042 2515 2106 nihi-

384 2128 660 2193 lominus
707 2128 949 2215 coeptis
994 2127 1198 2191 institi
1242 2128 1481 2192 uetitis.
1573 2125 1716 2192 Nec
1767 2149 1976 2212 mora,
2043 2127 2196 2194 dum
2252 2130 2514 2197 feruens

388 2239 589 2303 equus
670 2215 996 2303 quoddam
1076 2217 1322 2280 itineris
1408 2238 1758 2281 concauum
1838 2218 2190 2284 ualentiore
2265 2223 2518 2308 impetu

387 2306 770 2391 transiliret,
836 2306 1053 2391 lapsus
1100 2304 1311 2369 decidi
1356 2311 1425 2369 et
1469 2327 1620 2369 mox
1666 2305 1846 2370 uelut
1891 2309 2207 2372 emoriens
2254 2331 2517 2373 sensum

389 2397 643 2480 penitus
692 2403 1061 2479 motumque
1108 2415 1361 2458 omnem
1411 2390 1681 2480 perdidi.
1773 2394 1936 2459 Erat
1978 2418 2255 2482 namque
2300 2397 2411 2463 illo
2443 2401 2514 2464 in

385 2486 525 2549 loco
589 2485 752 2571 lapis
816 2492 1027 2546 terrae
1073 2484 1360 2569 aequalis
1407 2483 1697 2547 obtectus
1746 2487 1988 2570 cespite
2034 2488 2243 2570 tenui,
2299 2508 2514 2572 neque

387 2571 553 2636 ullus
599 2574 763 2637 alter
808 2572 871 2636 in
918 2580 1057 2634 tota
1101 2571 1211 2636 illa
1258 2573 1469 2658 campi
1513 2572 1779 2658 planitie
1823 2573 1988 2659 lapis
2026 2576 2302 2639 inueniri
2331 2586 2514 2662 pote-

386 2673 518 2744 rat3
581 2682 859 2746 casuque
914 2661 1124 2725 euenit
1184 2662 1290 2725 uel
1337 2663 1548 2746 potius
1597 2661 1813 2725 diuina
1857 2664 2222 2749 prouisione
2265 2663 2348 2728 ad
2393 2688 2513 2752 pu·

386 2748 687 2814 niendam
746 2748 1215 2814 inobedientiae
1261 2771 1444 2813 meae
1491 2749 1776 2836 culpam,
1844 2759 1917 2815 ut
1959 2751 2130 2816 hunc
2175 2755 2386 2839 capite
2434 2777 2515 2818 ac

388 2859 601 2917 manu,
649 2860 840 2924 quam
889 2840 1085 2924 capiti
1128 2860 1320 2902 ruens
1368 2838 1827 2924 subposueram
1842 2890 1860 2923 ,
1918 2849 2257 2924 tangerem
2315 2851 2516 2928 atque

387 2925 659 2990 infracto
717 2927 947 3012 pollice
1007 2929 1232 3012 capitis
1291 2949 1546 3012 quoque
1623 2928 1918 2993 iunctura
1985 2929 2373 3013 solueretur3
2448 2941 2517 2996 et

386 3036 531 3100 ego,
580 3024 650 3078 ut
697 3013 850 3098 dixi,
898 3016 1254 3080 simillimus
1300 3025 1556 3080 mortuo
1602 3014 1845 3083 fierem.
1938 3017 2026 3081 Et
2071 3020 2222 3104 quia
2267 3022 2515 3084 moueri

386 3126 515 3169 non
559 3113 870 3191 poteram,
916 3103 1327 3169 tetenderunt
1371 3105 1611 3170 ibidem
1641 3105 2050 3191 papilionem,
2093 3109 2160 3171 in
2190 3131 2315 3194 qua
2345 3110 2508 3172 iace-

388 3216 545 3259 rem.
642 3192 803 3258 Erat
866 3202 1084 3258 autem
1140 3193 1298 3258 hora
1354 3191 1481 3257 diei
1529 3195 1785 3258 circiter
1831 3197 2124 3280 septima,
2171 3220 2212 3262 a
2256 3219 2383 3283 qua
2428 3195 2516 3261 ad

387 3305 729 3369 uesperum
774 3303 975 3367 usque
1020 3283 1272 3367 quietus
1306 3291 1372 3345 et
1403 3284 1586 3367 quasi
1617 3291 1907 3346 mortuus
1938 3306 2324 3369 permanens
2356 3295 2513 3350 tunc

387 3370 716 3458 paululum
762 3372 1096 3454 reuiuiscO,
1146 3371 1446 3456 ferorque
1493 3368 1752 3434 domum
1799 3393 1838 3435 a
1884 3374 2073 3436 sociis
2086 3422 2104 3456 ,
2153 3397 2229 3439 ac
2275 3376 2513 3439 tacitus

387 3469 526 3524 tota
588 3468 779 3524 nocte
844 3457 1142 3544 perduro.
1237 3459 1594 3524 Vomebam
1660 3468 1877 3524 autem
1943 3464 2351 3546 sanguinem,
2433 3487 2512 3529 eo

389 3546 561 3634 quod
608 3558 671 3613 et
716 3549 1047 3612 interanea
1093 3557 1305 3612 essent
1349 3547 1592 3612 ruendo
1640 3549 1962 3614 conuulsa.
2036 3550 2127 3614 At
2173 3555 2514 3640 episcopus

388 3638 772 3720 grauissime
819 3635 899 3700 de
948 3658 1099 3700 casu
1146 3644 1209 3700 et
1253 3637 1516 3700 interitu
1563 3658 1708 3701 meo
1741 3636 2017 3721 dolebat,
2067 3661 2142 3703 eo
2189 3643 2361 3726 quod
2409 3665 2514 3708 me

389 3725 651 3809 speciali
698 3722 998 3810 diligeret
1042 3723 1305 3790 affectu:
1352 3745 1476 3790 nec
1522 3726 1723 3790 uoluit
1767 3737 1956 3792 nocte
2001 3727 2111 3792 illa
2155 3731 2336 3796 iuxta
2381 3754 2515 3796 mo-

388 3834 527 3876 rem
575 3835 720 3876 cum
768 3813 1016 3878 clericis
1077 3815 1207 3878 suis
1263 3836 1555 3898 manere,
1620 3836 1846 3879 uerum
1894 3815 2063 3902 solus
2110 3819 2174 3882 in
2223 3823 2512 3886 oratione

2712 395 2720 425 l

2718 436 2719 451 ι

2718 1148 2719 1175 l

2717 1176 2719 1191 A

2717 1258 2719 1303 l

2717 1318 2719 1337 l
