2723 4326
172 218 236 269 11.
275 218 508 272 17—18.
2218 212 2311 277 97

169 416 331 481 quae
361 416 404 459 a
434 393 624 459 nobis
669 416 787 481 pro
817 394 1050 459 uestris
1097 392 1541 458 sacerdotibus
1586 390 1941 457 ordinanda
1986 392 2312 478 sperastis,

167 484 327 548 haec
372 504 494 569 pro
541 479 696 547 fidei
742 491 1002 549 uestrae
1046 483 1443 565 sinceritate,
1491 503 1657 568 quae
1700 481 1887 545 nobis
1933 478 2313 545 multimoda

167 573 485 637 relatione
515 594 634 658 per
666 573 1103 657 praesentium
1150 574 1493 659 portitores
1539 568 1949 635 laudabiliter
1991 571 2313 635 insinuata

169 672 296 745 est,
359 662 650 746 gratuito
709 663 925 726 animo
987 661 1358 726 adtribuere
1412 660 1546 725 ulla
1589 660 1727 725 sine
1774 658 2092 725 dilatione
2126 681 2309 745 prae·

169 751 496 834 uidemus3
546 758 613 813 et
657 748 783 815 duo
828 750 1027 837 pallia
1068 759 1491 836 utrorumque
1536 749 2199 835 metropolitanorum,
2248 747 2315 812 id

169 851 268 905 est
313 838 612 904 Honorio
659 848 724 907 et
767 839 1068 924 Paulino,
1123 840 1505 923 direximus,
1551 848 1654 923 ut,
1702 836 1854 902 dum
1902 839 2045 925 quis
2092 858 2316 902 eorum

173 930 250 993 de
295 928 422 993 hoc
467 928 725 993 saeculo
785 928 867 993 ad
925 936 1254 994 auctorem
1314 950 1502 993 suum
1558 927 1755 993 fuerit
1814 929 2185 1009 arcessitus,
2248 928 2316 990 in

170 1019 309 1083 1000
374 1018 579 1104 ipsius
643 1016 810 1083 alter
872 1020 1247 1105 episcopum
1309 1038 1395 1081 ex
1454 1016 1579 1081 hac
1640 1025 1863 1081 nostra
1929 1016 2315 1081 auctoritate

173 1106 411 1172 debeat
465 1107 839 1192 subrogare.
933 1106 1124 1186 Quod
1176 1106 1439 1194 quidem
1484 1115 1620 1171 tam
1676 1128 1793 1191 pro
1848 1114 2103 1171 uestrae
2158 1105 2317 1169 cari·

173 1198 325 1261 tatis
393 1195 631 1260 affectu
694 1218 888 1282 quam
953 1218 1071 1283 pro
1137 1204 1463 1261 tantarum
1529 1196 2007 1281 prouinciarum
2074 1194 2316 1281 spatiis,

182 1308 349 1373 quae
391 1286 564 1349 10101
599 1307 714 1350 008
747 1294 811 1351 01
841 1307 956 1349 008
1003 1307 1142 1349 0880
1189 1293 1561 1369 0080110101,
1610 1305 1829 1349 sumus
1874 1285 2129 1350 inuitati
2174 1303 2322 1348 con·

179 1373 434 1458 cedere,
484 1383 556 1439 ut
602 1376 668 1438 in
716 1374 1010 1438 omnibus
1057 1372 1383 1439 deuotioni
1429 1382 1682 1438 uestrae
1737 1384 2025 1439 nostrum
2060 1392 2319 1437 000001-

180 1484 323 1528 8010
369 1472 437 1527 01
483 1466 666 1527 iuxta
709 1472 931 1529 uestra
975 1462 1293 1529 desideria
1335 1463 1817 1549 praeberemus,

347 1551 748 1618 Incolumem
799 1552 1245 1618 excellentiam
1287 1562 1574 1617 uestram
1622 1553 1836 1636 gratia
1881 1572 2160 1638 superna
2206 1570 2314 1614 cu-

174 1642 453 1707 stodiat.'

1201 1871 1302 1937 18.

178 2030 256 2086 vt
273 2030 614 2098 Honorius,
642 2029 751 2098 qul
770 2030 946 2085 Iusto
967 2030 1035 2085 in
1054 2029 1479 2099 episcopatum
1500 2028 1996 2085 Dorouernensis
2017 2026 2318 2084 ecelesiae

297 2118 626 2190 successit,
665 2120 741 2176 ab
780 2119 991 2176 eodem
1027 2130 1188 2188 papa
1223 2118 1501 2174 Honorio
1540 2116 1803 2188 pallium
1842 2117 1907 2173 et
1942 2115 2200 2173 litteras

1081 2207 1419 2278 acceperit.

352 2350 540 2416 Haec
585 2351 755 2416 inter
799 2351 1016 2416 Iustus
1062 2350 1582 2438 archiepiscopus
1628 2349 1713 2416 ad
1759 2351 2063 2415 caelestia
2116 2373 2321 2437 regna

177 2439 550 2505 subleuatus
598 2449 828 2524 quarto
874 2439 1109 2506 Iduum
1153 2438 1218 2504 N
1222 2440 1625 2506 ouembrium
1684 2439 1818 2523 die,
1883 2450 1948 2504 01
1994 2436 2318 2506 Ηο001108

176 2551 291 2614 pro
329 2529 440 2593 illo
473 2536 573 2593 est
603 2531 670 2594 in
715 2529 1149 2616 praesulatum
1199 2529 1493 2595 effectus:
1544 2531 1655 2615 qui
1703 2526 2095 2595 ordinandus
2140 2531 2320 2596 uenit

175 2618 256 2682 ad
324 2617 704 2702 Paulinum,
782 2626 849 2683 et
918 2626 1297 2684 occurrente
1365 2618 1489 2684 sibi
1557 2619 1669 2683 illo
1736 2621 1804 2682 in
1872 2617 2315 2705 Lindocolino,

175 2709 434 2792 quintus
475 2706 560 2771 ab
591 2704 958 2791 Augustino
988 2707 1509 2772 Doruuernensis
1556 2707 1867 2772 ecclesiae
1911 2717 2316 2774 consecratus

175 2805 272 2860 est
327 2797 616 2861 00118108.
710 2794 833 2860 Oui
893 2798 1091 2862 etiam
1150 2796 1479 2883 praefatus
1538 2819 1709 2884 papa
1754 2796 2082 2862 Honorius
2141 2799 2318 2863 misit

171 2886 438 2970 pallium
484 2893 550 2949 01
595 2885 877 2968 11110108,
939 2887 1007 2949 10
1055 2886 1288 2973 quibus
1335 2886 1624 2951 decernit
1669 2885 1792 2951 hoc
1837 2887 2077 2972 ipsum,
2144 2886 2318 2974 quod

171 2977 237 3037 in
268 2973 545 3062 epistula
576 2972 659 3038 ad
687 2971 1062 3039 Aeduinum
1100 2997 1325 3060 regem
1373 2977 1571 3040 missa
1615 2975 2020 3040 decreuerat:
2070 2979 2315 3041 scilicet

171 3072 239 3127 ut
297 3085 447 3128 cum
490 3062 1006 3129 Doruuernensis
1063 3064 1168 3128 001
1232 3063 1667 3130 Eburacensis
1726 3065 1996 3130 antistes
2053 3064 2135 3130 de
2192 3065 2314 3130 hac

171 3154 304 3216 uita
351 3153 709 3235 transierit,
754 3154 836 3237 is,
895 3154 1008 3238 qui
1053 3161 1374 3240 superest,
1434 3175 1693 3218 consors
1739 3151 2025 3217 eiusdem
2071 3152 2311 3239 gradus

169 3240 406 3306 habeat
465 3249 853 3327 potestatem
915 3242 1192 3306 alterum
1255 3240 1591 3307 ordinandi
1637 3243 1703 3306 in
1762 3241 1903 3306 loco
1964 3243 2129 3326 cius,
2199 3243 2309 3327 qui

169 3332 540 3414 transierat,
603 3330 1030 3415 sacerdotem3
1093 3353 1173 3397 00
1230 3333 1314 3395 811
1356 3353 1623 3396 0000880
1669 3329 1753 3394 ad
1796 3330 2153 3394 Romanam
2202 3353 2305 3395 us-

172 3441 293 3504 que
351 3420 683 3484 ciuitatem
739 3441 857 3506 per
901 3429 1037 3484 tam
1081 3419 1331 3507 prolixa
1375 3429 1694 3485 terrarum
1741 3427 1807 3482 et
1851 3421 2050 3483 maris
2096 3421 2309 3505 spatia

169 3531 284 3594 pro
356 3508 711 3573 ordinando
773 3507 1254 3597 archiepiscopo
1319 3530 1577 3596 semper
1640 3507 1921 3592 fatigari.
2017 3505 2307 3585 Quarum

172 3599 364 3662 etiam
419 3605 670 3663 textum
726 3598 1087 3663 litterarum
1144 3601 1213 3662 in
1273 3607 1494 3663 nostra
1552 3596 1673 3662 hac
1736 3597 2003 3666 historia
2066 3621 2306 3684 ponere

172 3686 573 3751 commodum
622 3685 936 3751 duximus.

257 3775 715 3840 ‘Dilectissimo
759 3775 948 3841 fratri
992 3773 1280 3841 Honorio
1326 3775 1677 3840 Honorius.

346 3862 525 3928 Inter
583 3864 886 3951 plurima,
952 3887 1116 3951 quae
1167 3863 1548 3931 redemtoris
1603 3865 1805 3930 nostri
1863 3866 2304 3931 misericordia

274 3970 452 4012 Baedse
476 3970 585 4011 hist.
615 3971 726 4012 0001.
1950 3974 1982 4027 7
