2723 4326
16 2323 20 2420 Ι

167 198 232 251 11.
270 199 469 254 9—10.
2214 200 2296 265 81
2342 270 2359 287 ,

164 372 502 441 Saxonum
549 397 628 440 ac
673 374 837 439 bello
891 376 1050 441 inito
1109 377 1469 459 uniuersos,
1534 396 1692 461 quos
1737 378 1804 442 in
1849 399 2071 442 necem
2119 400 2301 445 suam

165 465 574 551 conspirasse
621 462 950 549 didicerat,
998 474 1110 529 aut
1157 462 1391 530 occidit
1438 474 1547 529 aut
1592 465 1659 529 in
1704 464 2095 532 deditionem
2124 490 2297 533 rece-

161 555 274 639 pit.
373 551 622 639 Sicque
684 554 890 619 uictor
946 555 1014 618 in
1072 556 1351 640 patriam
1414 576 1709 619 reuersus
1766 576 1897 621 non
1956 558 2173 621 statim
2236 568 2301 623 et

162 642 520 707 inconsulte
577 652 981 708 sacramenta
1024 642 1174 709 fidei
1219 641 1627 708 Christianae
1682 646 2014 731 percipere
2067 648 2297 712 uoluit:

161 732 461 818 quamuis
521 754 646 797 nec
706 732 892 797 idolis
951 733 1123 797 ultra
1203 733 1499 816 seruiuit‚
1592 755 1674 797 ex
1734 754 1859 819 quo
1920 755 1986 798 se
2042 731 2299 802 Christo

163 823 561 886 seruiturum
607 843 747 885 esse
791 822 1194 908 promiserat.
1256 821 1504 887 Verum
1551 823 1759 908 primo
1804 822 2175 908 diligentius
2221 846 2301 889 ex

163 918 455 997 tempore
503 918 571 974 et
599 909 683 975 ab
713 912 856 997 ipso
900 910 1256 977 uenerabili
1299 910 1440 975 uiro
1474 910 1743 975 Paulino
1788 913 2100 978 rationem
2147 910 2300 980 fidei

163 996 454 1065 ediscere
504 1009 574 1064 et
620 1021 767 1064 cum
815 1000 943 1064 suis
987 1000 1390 1087 primatibus,
1438 1020 1597 1084 quos
1644 1002 2060 1086 sapientiores
2104 1024 2299 1069 noue-

162 1096 280 1169 rat,
330 1089 588 1153 curauit
635 1087 949 1171 conferre,
999 1089 1154 1175 quid
1184 1088 1264 1153 de
1294 1087 1394 1152 his
1439 1088 1774 1173 agendum,
1810 1089 2295 1158 arbitrarentur.

161 1174 293 1243 Sed
339 1187 405 1242 et
449 1178 620 1263 ipse,
683 1198 832 1242 cum
889 1187 1058 1243 esset
1114 1178 1216 1242 uir
1275 1186 1508 1241 natura
1567 1179 2044 1263 sagacissimus,
2105 1202 2298 1269 saepe

161 1264 272 1330 diu
315 1266 490 1330 solus
537 1265 828 1331 residens
877 1288 989 1331 ore
1036 1266 1296 1352 quidem
1340 1267 1558 1351 tacito,
1610 1266 1721 1332 sed
1758 1269 1826 1333 in
1869 1270 2109 1334 intimis
2156 1292 2296 1335 cor-

160 1353 257 1419 dis
303 1355 512 1420 multa
559 1376 777 1419 secum
838 1356 1255 1442 conloquens,
1322 1353 1476 1441 quid
1522 1356 1645 1421 sibi
1692 1366 1862 1422 esset
1906 1355 2293 1444 faciendum,

159 1464 325 1529 quae
369 1442 606 1529 religio
651 1444 971 1510 seruanda
1015 1445 1354 1511 tractabat.

1181 1677 1283 1743 10.

155 1833 234 1889 vt
261 1848 422 1903 papa
446 1831 811 1888 Bonifatius
841 1832 1114 1889 cumdem
1138 1847 1348 1901 regem
1373 1834 1581 1891 missis
1605 1834 1847 1893 litteris
1885 1837 1973 1893 sit
2008 1838 2298 1895 hortatus

1075 1921 1152 1977 ad
1188 1922 1393 1979 fldem.

333 2064 482 2146 Quo
527 2075 820 2154 tempore
875 2066 1344 2154 exhortatorias
1391 2067 1475 2135 ad
1518 2067 1712 2135 fidem
1753 2071 2002 2135 litteras
2048 2096 2089 2138 a
2131 2096 2291 2161 pon-

151 2157 330 2223 tifice
377 2154 550 2222 sedis
595 2156 984 2244 apostolicae
1017 2156 1342 2225 Bonifatio
1389 2160 1656 2246 accepit,
1706 2181 1975 2246 quarum
2021 2162 2147 2228 ista
2196 2173 2296 2229 est

154 2248 400 2312 forma:

420 2334 779 2420 Exemplar
831 2335 1141 2422 epistulae
1194 2336 1550 2403 beatissimi
1596 2345 1661 2404 et
1705 2339 2039 2426 apostolici
2083 2362 2292 2428 papae

425 2425 606 2490 urbis
650 2421 982 2490 Romanae
1041 2423 1349 2492 ecclesiae
1402 2425 1740 2512 Bonifatii,
1807 2425 2090 2496 directae
2150 2432 2289 2496 uiro

427 2512 714 2600 glorioso
760 2510 1057 2578 Aeduino
1103 2515 1246 2598 regi
1291 2513 1674 2600 Anglorum.

333 2600 518 2667 ‘Viro
581 2601 858 2687 glorioso
922 2599 1220 2667 Aeduino
1287 2606 1432 2689 regi
1499 2603 1865 2690 Anglorum
1927 2607 2289 2674 Bonifatius

158 2691 511 2779 episcopus
559 2711 782 2755 seruus
827 2713 1158 2756 seruorum
1203 2689 1326 2758 dei.

327 2779 524 2846 Licet
567 2801 856 2844 summae
900 2779 1254 2847 diuinitatis
1284 2783 1574 2869 potentia
1600 2783 1920 2850 humanae
1950 2785 2288 2851 locutionis

147 2868 382 2934 officiis
429 2869 764 2957 explanari
793 2890 919 2934 non
961 2870 1197 2953 ualeat,
1246 2872 1486 2958 quippe
1519 2894 1682 2957 quae
1716 2874 1813 2937 sui
1843 2875 2293 2960 magnitudine

150 2959 245 3023 ita
289 2958 603 3023 inuisibili
648 2966 843 3043 atque
899 2958 1338 3043 inuestigabili
1398 2962 1779 3027 aeternitate
1840 2966 2129 3031 consistit
2143 3014 2161 3047 ,
2221 2975 2294 3031 ut

151 3046 315 3115 haec
362 3047 544 3112 nulla
585 3047 830 3130 ingenii
875 3047 1222 3132 sagacitas,
1286 3058 1528 3136 quanta
1574 3051 1685 3134 sit,
1751 3051 2293 3140 comprehendere

153 3135 604 3223 disserereque
652 3133 956 3200 sufficiatt
1022 3137 1172 3223 quia
1217 3147 1435 3202 tamen
1482 3139 1619 3203 eius
1663 3139 2028 3207 humanitas
2074 3141 2157 3207 ad
2200 3143 2292 3205 in·

149 3225 590 3290 sinuationem
657 3225 755 3288 sui
812 3228 1113 3290 reseratis
1173 3225 1382 3290 cordis
1441 3227 1678 3312 ianuis,
1741 3250 1905 3314 quae
1964 3227 2043 3294 de
2088 3239 2293 3294 semet

151 3315 296 3400 ipsa
361 3313 753 3401 proferetur,
827 3323 1078 3378 secreta
1138 3312 1433 3380 humanis
1492 3316 1811 3382 mentibus
1876 3319 2291 3404 inspiratione

153 3402 514 3471 clementer
557 3401 863 3486 infundit3
921 3403 1004 3469 ad
1049 3403 1555 3470 adnuntiandum
1599 3405 1785 3472 uobis
1830 3405 2293 3494 plenitudinem

151 3489 307 3556 fidei
369 3490 778 3557 Christianae
842 3488 1304 3557 sacerdotalem
1374 3494 1735 3560 curauimus
1804 3493 2291 3562 sollicitudinem

150 3602 546 3667 prorogare,
592 3589 665 3645 ut
711 3580 978 3665 perinde
1025 3577 1266 3646 Christi
1311 3581 1746 3668 euangelium,
1797 3583 1967 3672 quod
2010 3586 2295 3652 saluator

151 3679 378 3735 noster
410 3669 708 3734 omnibus
750 3669 1076 3756 praecepit
1107 3670 1408 3756 gentibus
1449 3671 1828 3758 praedicari,
1874 3677 2107 3740 uestris
2139 3696 2291 3762 quo-

147 3781 280 3845 que
353 3756 647 3824 sensibus
723 3757 1107 3841 inserentes,
1187 3759 1409 3826 salutis
1478 3770 1734 3827 uestrae
1795 3762 2083 3838 remedia
2144 3786 2291 3851 pro-

150 3849 484 3935 pinentur.
579 3843 911 3933 Supernae
979 3848 1177 3932 igitur
1245 3849 1601 3917 maiestatis
1673 3852 2013 3919 clementia
2030 3905 2045 3936 ,
2117 3876 2283 3942 quae

321 3970 506 4011 Baedae
532 3970 640 4012 hist.
669 3971 780 4013 eccl.
1941 3960 1975 4018 6
