2723 4326
186 250 259 301 v.
296 248 453 303 8—9.
677 223 686 229 '‘
2205 251 2334 316 239

187 424 329 490 sule
376 423 701 509 defunctO,
754 423 1029 491 Tobiam
1062 448 1177 512 pro
1209 426 1317 490 illo
1367 428 1784 511 consecrauit,
1831 428 2043 491 uirum
2077 429 2333 506 Latina,

188 512 455 579 Graeca
500 522 563 578 et
614 511 937 580 Saxonica
980 515 1204 601 lingua
1249 526 1446 600 atque
1493 514 1848 581 eruditione
1893 517 2339 603 multipliciter

186 605 598 667 instructum.

1230 834 1291 896 9.

182 992 268 1047 vt
312 990 624 1059 Ecgberct
681 989 786 1044 uir
842 989 1095 1044 sanctus
1152 991 1229 1044 ad
1279 990 1760 1058 praedicandum
1817 992 1885 1046 in
1942 991 2330 1048 Germaniam

183 1080 411 1135 uenire
473 1078 756 1133 uoluerit
817 1092 929 1133 nec
991 1077 1303 1133 ualuerit=
1369 1094 1560 1147 porro
1615 1079 1939 1135 Vlctberct
2001 1081 2330 1138 aduenerit

186 1169 469 1236 quidemz
525 1167 631 1222 sed
686 1166 831 1235 quia
877 1182 990 1221 nec
1029 1167 1164 1235 ipse
1218 1168 1458 1240 aliquid
1509 1167 1919 1236 profecisset,
1973 1184 2222 1225 rursum
2262 1171 2330 1226 in

635 1254 1019 1322 Hiberniam,
1058 1256 1219 1309 unde
1257 1256 1542 1323 uenerat,
1582 1256 1875 1311 redierit.

366 1399 467 1463 Eo
524 1408 815 1485 tempore
871 1398 1260 1463 uenerabilis
1307 1407 1371 1462 et
1419 1422 1564 1463 cum
1613 1401 1785 1462 omni
1841 1398 2328 1465 honorificentia

180 1486 611 1552 nominandus
658 1487 933 1551 famulus
981 1485 1221 1551 Christi
1270 1496 1335 1551 et
1384 1487 1677 1552 sacerdos
1726 1488 2084 1574 Ecgberct,
2135 1512 2327 1575 quem

182 1579 253 1641 in
299 1575 622 1641 Hibernia
682 1576 890 1640 insula
944 1578 1352 1662 peregrinam
1409 1574 1640 1641 ducere
1695 1578 1896 1641 uitam
1950 1600 2068 1665 pro
2127 1578 2326 1664 adipi—

185 1663 424 1730 scenda
470 1667 536 1728 in
583 1664 775 1730 caelis
822 1665 1033 1751 patria
1075 1664 1441 1748 retulimus,
1489 1668 1824 1751 proposuit
1869 1670 2085 1731 animo
2129 1668 2321 1752 pluri-

180 1754 305 1818 bus
351 1753 685 1840 prodesse3
746 1754 811 1818 id
859 1762 956 1817 est
1002 1754 1162 1817 inito
1210 1775 1406 1838 opere
1453 1753 1831 1840 apostolico,
1895 1755 2166 1820 uerbum
2216 1756 2322 1820 dei

183 1844 507 1928 aliquibus
556 1865 796 1926 earum,
848 1864 1013 1928 quae
1059 1841 1342 1906 nondum
1387 1843 1742 1925 audierant,
1791 1844 2092 1928 gentibus
2131 1867 2321 1909 euan-

184 1929 526 2016 gelizando
603 1934 1031 1995 committere:
1110 1952 1384 2016 quarum
1451 1933 1516 1995 in
1587 1928 1940 1996 Germania
2015 1933 2328 2019 plurimas

183 2030 458 2084 nouerat
505 2042 644 2085 esse
689 2021 1009 2101 1161161163,
1074 2043 1111 2082 a
1157 2020 1389 2105 quibus
1433 2019 1635 2105 Angli
1679 2022 1784 2084 uel
1832 2018 2151 2106 Saxones,
2217 2026 2327 2109 qui

186 2131 360 2174 1111116
429 2106 813 2174 Brittaniam
892 2107 1208 2194 incolunt,
1290 2130 1494 2196 genus
1559 2120 1623 2174 et
1691 2110 2001 2195 originem
2069 2112 2331 2176 duxisse

186 2208 567 2281 noscuntur3
616 2197 783 2263 unde
831 2198 1139 2263 hactenus
1188 2220 1227 2262 a
1271 2201 1484 2263 uicina
1529 2207 1720 2284 gente
1756 2199 2140 2264 Brettonum
2187 2224 2324 2266 cor-

183 2297 380 2374 rupte
428 2285 741 2352 Garmani
787 2296 1253 2375 nuncupantur.
1334 2285 1502 2352 Sunt
1548 2298 1763 2352 autem
1811 2289 2148 2374 FresoneS,
2195 2290 2326 2353 Ru-

132 2453 139 2460 ,
184 2379 345 2462 gini,
378 2375 615 2454 Danai,
647 2376 891 2458 Hunni,
926 2375 1194 2462 Antiqui
1220 2375 1532 2461 Saxones,
1582 2376 1996 2442 Boructuari:
2048 2387 2193 2442 sunt
2217 2380 2328 2443 alii

182 2465 525 2554 perplures
555 2463 804 2529 hisdem
836 2467 901 2529 in
932 2466 1223 2552 partibus
1255 2467 1476 2553 populi
1521 2468 1792 2551 paganis
1841 2465 2050 2532 adhuc
2094 2468 2330 2532 ritibus

184 2555 563 2636 seruientes,
615 2552 698 2618 ad
730 2576 890 2639 quos
936 2556 1157 2618 uenire
1202 2555 1532 2642 praefatus
1567 2554 1809 2620 Christi
1841 2557 2025 2620 miles
2059 2558 2324 2620 eircum-

182 2645 495 2727 nauigata
542 2642 865 2707 Brittania
912 2641 1244 2729 disposuit,
1293 2645 1509 2731 siquos
1554 2641 1721 2708 forte
1768 2667 1849 2708 ex
1894 2644 2019 2708 illis
2069 2654 2326 2731 ereptos

183 2742 451 2796 satanae
498 2731 581 2795 ad
628 2730 955 2796 Christum
1001 2732 1349 2797 transferre
1397 2733 1669 2816 ualeret3
1725 2730 1858 2816 uel,
1923 2735 1976 2796 si
2020 2732 2142 2796 hoc
2187 2731 2325 2798 fieri

180 2843 312 2884 non
360 2831 604 2906 posset,
666 2820 938 2884 Romam
999 2821 1221 2885 uenire
1282 2821 1363 2886 ad
1425 2821 1702 2886 uidenda
1760 2831 1956 2906 atque
2001 2820 2328 2887 adoranda

182 2911 524 2974 beatorum
585 2910 1016 2995 apostolorum
1061 2931 1138 2973 ac
1167 2920 1544 2994 'martyrum
1594 2908 1834 2974 Christi
1887 2911 2110 2975 limina
2157 2913 2327 2998 cogi-

180 3000 371 3064 tauit.

368 3085 502 3152 Sed
532 3108 615 3150 ne
646 3086 885 3172 aliquid
930 3086 1160 3151 horum
1206 3086 1569 3172 perficeret,
1621 3109 1898 3174 superna
1929 3088 2022 3152 illi
2069 3089 2326 3152 oracula

181 3175 376 3242 simul
424 3184 487 3240 et
533 3198 727 3261 opera
774 3177 1168 3241 restiterunt.
1262 3173 1595 3261 Siquidem
1654 3177 1876 3240 electis
1933 3178 2121 3241 sociis
2169 3183 2324 3241 stre—

108 3330 111 3332 ,
178 3265 507 3330 nuissimis
568 3273 634 3328 et
694 3263 776 3328 ad
844 3262 1342 3351 praedicandum
1410 3265 1683 3329 uerbum
1749 3264 2028 3349 idoneis,
2098 3274 2328 3351 utpote

181 3356 443 3419 actione
515 3353 705 3416 simul
773 3363 836 3416 et
907 3351 1262 3418 eruditione
1328 3355 1714 3440 praeclaris,
1794 3356 2326 3440 praeparatisque

178 3443 511 3526 omnibus,
578 3463 743 3527 quae
802 3443 1255 3527 nauigantibus
1304 3465 1445 3507 esse
1501 3446 1867 3508 necessaria
1920 3441 2322 3527 uidebantur,

177 3533 362 3597 uenit
412 3531 517 3596 die
565 3529 841 3616 quadam
888 3553 1074 3596 mane
1121 3533 1327 3620 primo
1361 3530 1442 3595 ad
1476 3555 1624 3597 eum
1654 3554 1817 3597 unus
1865 3532 1947 3596 de
1993 3531 2326 3615 fratribus,

177 3620 538 3706 discipulus
604 3620 921 3705 quondam
980 3622 1046 3682 in
1093 3620 1417 3684 Brittania
1463 3632 1528 3685 et
1572 3623 1865 3686 minister
1927 3618 2072 3685 deo.
2106 3618 2326 3684 dilecti

178 3709 535 3775 sacerdotis
604 3707 828 3771 Boisili
904 3705 1076 3791 (cum
1154 3718 1324 3774 esset
1399 3709 1571 3774 idem
1641 3710 1844 3774 Boisil
1922 3711 2330 3796 praepositus

176 3798 560 3863 monasterii
604 3795 1039 3861 Mailrosensis
1104 3797 1222 3863 sub
1284 3799 1520 3862 abbate
1566 3799 1761 3884 Eata,
1824 3810 1895 3863 111
1942 3821 2136 3886 supra
2181 3821 2325 3864 nar-

174 3883 535 3971 rauimus),
603 3884 891 3949 referens
938 3887 999 3950 ei
1044 3887 1386 3970 uisionem,
1458 3911 1623 3974 quae
1671 3891 1791 3954 sibi
1853 3889 2076 3954 eadem
2135 3899 2329 3953 116616
