2723 4326
437 218 526 288 18
2258 212 2301 266 1.
2345 213 2568 268 11-12.

443 393 618 458 facta
663 400 780 474 est,
829 414 974 457 cum
1022 400 1250 476 gentes
1280 390 1655 475 Alanorum,
1703 387 2083 475 Sueuorum,
2129 389 2572 457 Vandalorum

441 481 808 567 multaeque
839 503 986 546 cum
1023 481 1123 546 his
1162 480 1327 545 aliae
1366 481 1653 567 protritis
1683 479 1973 563 Francis,
2020 482 2291 545 transito
2322 479 2570 565 Hreno,

443 580 612 637 totas
675 593 791 657 per
849 569 1096 637 Gallias
1157 566 1503 656 saeuirent)
1574 566 1744 655 apud
1803 567 2157 634 Brittanias
2217 566 2573 635 Gratianus

445 661 777 746 municeps
822 669 1134 746 tyrannus
1181 668 1439 724 creatur
1470 668 1536 724 et
1567 658 1897 723 occiditur.
1973 657 2186 722 Huius
2231 659 2376 724 loco
2410 658 2577 724 Con-

444 751 758 815 stantinus
803 770 885 813 ex
944 746 1166 814 infima
1225 749 1452 812 militia
1510 756 1776 834 propter
1822 747 2019 812 solam
2067 769 2250 833 spem
2296 751 2576 814 nominis

445 841 584 904 sine
629 839 860 902 merito
906 838 1163 902 uirtutis
1209 837 1501 922 eligitur:
1552 838 1661 922 qui
1693 837 2011 920 continuo,
2058 845 2132 900 ut
2175 838 2416 903 inuasit
2462 839 2577 902 im·

443 930 716 1014 perium,
763 928 832 992 in
862 924 1111 992 Gallias
1157 928 1431 991 transiit.
1511 924 1615 990 Ibi
1646 947 1841 1012 saepe
1890 947 1929 990 a
1972 924 2265 990 barbaris
2310 928 2577 992 incertis

443 1015 811 1082 foederibus
879 1015 1122 1080 inlusus
1139 1064 1158 1098 ,
1229 1014 1615 1079 detrimento
1682 1015 1892 1100 magis
1959 1014 2354 1101 reipublicae
2424 1017 2576 1082 fuit:

442 1105 613 1172 unde
643 1127 814 1190 mox,
861 1105 1126 1169 iubente
1154 1101 1465 1187 Honorio,
1500 1101 1915 1180 Constantius
1947 1126 2160 1168 comes
2192 1105 2261 1169 in
2292 1101 2579 1171 Galliam
2689 1171 2690 1176 ,

443 1218 590 1260 cum
650 1196 939 1260 exercitu
1002 1191 1327 1279 profectus
1343 1243 1360 1275 ,
1428 1191 1599 1278 apud
1652 1191 1985 1258 Arelatem
2045 1194 2375 1259 ciuitatem
2434 1217 2581 1260 eum

448 1285 698 1367 clausit,
747 1305 820 1346 ce
867 1282 936 1362 it,
987 1280 1249 1346 occidit:
1317 1279 1865 1368 Constantemque
1911 1279 2113 1346 filium
2160 1283 2295 1346 eius
2312 1331 2327 1358 ,
2387 1306 2584 1370 quem

447 1395 532 1438 ex
589 1306 906 1436 monacfio
972 1369 1318 1436 Caesarem
1376 1370 1656 1456 fecerat,
1726 1369 2076 1436 Gerontius
2144 1393 2361 1437 comes
2432 1395 2583 1438 suus

445 1460 624 1550 apud
669 1459 993 1524 Viennam
1037 1459 1383 1524 interfecit.

626 1549 864 1614 Fracta
917 1557 1016 1614 est
1063 1557 1281 1613 autem
1331 1548 1538 1612 Roma
1582 1571 1621 1612 a
1668 1545 1900 1614 Gothis
1945 1569 2112 1614 anno
2158 1547 2583 1615 M0LX011110

445 1661 600 1704 suae
664 1636 1080 1721 condicionis,
1149 1661 1231 1702 ex
1291 1659 1416 1723 quo
1472 1646 1766 1724 tempore
1814 1637 2087 1702 Romani
2145 1640 2211 1701 in
2257 1635 2585 1705 Brittania

445 1749 720 1814 regnare
753 1735 1104 1809 cessarunt,
1153 1735 1301 1813 post
1347 1748 1545 1791 annos
1590 1727 1795 1791 ferme
1844 1724 2288 1811 CCCCLXX,
2338 1751 2425 1792 ex
2458 1752 2584 1815 quo

447 1815 651 1884 Graius
697 1815 900 1880 Iulius
949 1815 1192 1882 Caesar
1249 1815 1522 1880 eandem
1576 1815 1851 1880 insulam
1908 1814 2085 1880 adiit.
2178 1815 2586 1883 Habitabant

445 1914 664 1971 autem
708 1906 878 1970 intra
925 1905 1188 1984 uallum,
1237 1903 1409 1991 quod
1441 1899 1757 1969 Seuerum
1803 1914 1981 1969 trans
2026 1905 2300 1970 insulam
2350 1906 2585 1974 fecisse

447 1997 1112 2079 commemorauimus‚
1161 1992 1242 2058 ad
1274 1994 1533 2080 plagam
1568 1991 2009 2079 meridianam,
2060 1994 2231 2079 quod
2263 1997 2584 2082 ciuitateS,

444 2083 642 2170 farus,
691 2093 919 2171 pontes
966 2093 1030 2148 et
1077 2091 1318 2148 stratae
1363 2081 1601 2146 ibidem
1644 2082 1856 2147 factae
1884 2103 2088 2170 usque
2119 2081 2311 2148 hodie
2340 2094 2586 2152 testan·
2689 2101 2690 2112 ¹

445 2184 586 2239 tur:
638 2183 925 2239 ceterum
969 2173 1307 2238 ulteriores
1353 2169 1713 2237 Brittaniae
1760 2181 2006 2259 partes,
2054 2174 2159 2237 uel
2206 2195 2316 2239 eas
2366 2180 2582 2259 etiam,

445 2286 629 2419 33³1an
633 2264 836 2417 affra
878 2263 1270 2328 Brittaniam
1315 2270 1490 2347 sunt,
1552 2262 1791 2327 insulas
1836 2263 1974 2327 iure
2022 2260 2394 2329 dominandi
2440 2288 2583 2353 pos-

1464 2547 1567 2610 12.

448 2706 526 2763 vt
562 2703 896 2761 Brettones
936 2718 972 2758 a
1011 2702 1246 2759 Scottis
1283 2702 1521 2759 uastati
1555 2703 1877 2772 Pictisque
1902 2704 2312 2759 Romanorum
2338 2707 2583 2763 auxilia

447 2775 862 2845 quaesierint,
929 2774 1036 2843 qui
1089 2775 1355 2830 secundo
1403 2774 1726 2830 uenientes
1782 2788 2022 2829 murum
2076 2775 2254 2831 trans
2310 2776 2583 2834 insulam

445 2847 750 2909 secernite
792 2846 900 2902 secl
937 2846 1055 2901 hoc
1094 2846 1426 2902 confestam
1458 2861 1494 2900 a
1517 2844 1826 2914 praefatis
1863 2846 2149 2903 hostibus
2188 2847 2579 2919 interrupto,

941 2916 1179 2972 maiore
1219 2917 1350 2973 sint
1386 2915 1743 2973 calamitate
1782 2917 2085 2986 depressi.

621 3060 786 3125 Exin
844 3059 1168 3126 Brittania
1226 3063 1293 3125 in
1354 3070 1543 3149 parte
1606 3059 1987 3126 Brettonum
2002 3113 2020 3146 ,
2094 3064 2267 3126 omni
2327 3076 2579 3130 armato

444 3150 668 3233 milite,
715 3150 1100 3215 militaribus
1133 3152 1336 3237 copiis
1368 3151 1703 3235 uniuersis,
1750 3159 1888 3214 tota
1927 3150 2193 3215 floridae
2224 3154 2580 3220 iuuentutis

442 3241 808 3325 alacritate,
859 3240 1159 3326 spoliata,
1209 3262 1375 3325 quae
1421 3249 1840 3324 tyrannorum
1886 3242 2250 3305 temeritate
2294 3240 2581 3309 abducta

442 3351 760 3416 nusquam
803 3328 974 3394 ultra
1011 3327 1274 3393 domum
1319 3326 1530 3412 rediit,
1580 3325 1856 3413 praedae
1899 3336 2151 3392 tantum
2198 3333 2429 3418 patuit,
2479 3342 2576 3398 ut-

443 3426 594 3504 pote
649 3419 854 3482 omnis
915 3418 1134 3483 bellici
1187 3439 1339 3481 usus
1393 3438 1655 3503 prorsus
1710 3418 1965 3502 ignara:
2029 3416 2301 3504 denique
2362 3422 2578 3487 subito
2689 3438 2690 3503 ζ

443 3506 691 3571 duabus
737 3508 1039 3592 gentibus
1086 3508 1533 3571 transmarinis
1580 3505 1995 3571 uehementer
2040 3510 2269 3592 saeuis,
2320 3507 2577 3576 Scotto·
2689 3510 2690 3579 J

442 3618 587 3659 rum
633 3618 674 3659 a
717 3594 930 3660 Circio
945 3646 964 3680 ‚
1014 3596 1343 3660 Pictorum
1390 3595 1472 3659 ab
1520 3593 1871 3680 Aquilone,
1918 3596 2152 3661 multos
2198 3606 2419 3684 stupet
2468 3623 2577 3685 ge·
2688 3654 2690 3687 1

443 3686 691 3769 mitque
757 3707 877 3770 per
939 3706 1157 3750 annos.
1273 3683 1765 3749 Transmarinas
1830 3692 2046 3749 autem
2111 3684 2382 3751 dicimus
2460 3690 2575 3754 has
2689 3740 2690 3745 η

444 3781 707 3857 gentes,
771 3794 898 3837 non
959 3772 1131 3858 quod
1190 3781 1375 3837 extra
1421 3771 1810 3838 Brittaniam
1856 3782 2069 3838 essent
2114 3777 2361 3860 positae
2378 3802 2405 3861 3·
2462 3778 2575 3843 sed
2689 3790 2690 3839 ἴ

445 3863 597 3948 quia
642 3884 681 3926 a
726 3870 910 3946 parte
955 3860 1338 3926 Brettonum
1401 3870 1583 3925 erant
1639 3870 1953 3946 remotae,
2017 3862 2263 3928 duobus
2324 3868 2574 3933 sinibus
