2723 4326
187 174 260 230 11.
303 175 386 231 16.
1245 150 1254 164 “
2237 182 2321 246 95

192 353 442 418 colinae
499 353 779 418 ciuitatis
789 405 807 438 ,
871 356 974 420 cui
1019 376 1251 420 nomen
1299 363 1439 420 erat
1484 355 1790 439 Blaecca,
1851 356 2129 442 primum
2176 379 2323 422 cum

190 441 384 506 domo
431 465 546 507 sua
593 445 909 509 conuertit
952 442 1037 509 ad
1083 441 1431 509 dominum.
1524 443 1604 509 In
1651 466 1778 530 qua
1820 442 2124 509 uidelicet
2170 448 2324 512 ciui-

192 539 330 596 tate
385 539 448 596 et
504 532 840 597 ecclesiam
900 533 1111 620 operis
1171 535 1425 618 egregii
1484 532 1564 598 de
1622 531 1835 620 lapide
1894 533 2080 599 fecit:
2144 535 2322 601 cuius

188 628 362 685 tecto
405 621 510 684 uel
547 621 742 706 longa
787 623 1034 686 incuria
1078 623 1182 686 uel
1227 621 1443 686 hostili
1488 643 1683 687 manu
1728 621 1993 707 deiecto,
2041 625 2322 709 parietes

190 708 498 774 hactenus
545 719 713 775 stare
753 710 1052 776 uidentur
1083 720 1146 775 et
1178 711 1473 775 omnibus
1500 712 1684 776 annis
1715 711 1929 797 aliqua
1973 713 2319 778 sanitatum

188 797 500 863 miracula
542 801 610 864 in
655 796 879 864 eodem
923 799 1065 864 loco
1119 799 1323 864 solent
1378 799 1462 864 ad
1506 800 1848 865 utilitatem
1903 823 2152 884 eorum,
2211 804 2322 888 qui

188 885 467 952 fideliter
542 898 858 974 quaerunt
871 937 890 970 ,
968 887 1234 956 ostendi.
1342 888 1423 953 In
1491 911 1617 975 qua
1681 889 1951 954 ecclesia
2018 889 2321 955 Paulinus

190 986 564 1041 transeunte
608 977 692 1042 ad
723 974 1049 1042 Christum
1081 976 1260 1042 Iusto
1290 977 1652 1043 Honorium
1700 1000 1817 1066 pro
1864 1000 1942 1043 eo
1988 1001 2317 1045 consecra-

188 1067 285 1130 uit
331 1067 723 1153 episcopum,
772 1076 844 1130 ut
890 1066 956 1130 in
1001 1067 1417 1152 sequentibus
1464 1089 1578 1131 suo
1621 1069 1760 1132 loco
1806 1065 2109 1132 dicemus,

366 1153 472 1219 De
516 1154 703 1219 huius
749 1152 874 1220 fide
919 1157 1290 1243 prouinciae
1335 1156 1623 1221 narrauit
1667 1154 1824 1220 mihi
1868 1156 2207 1244 presbyter
2254 1166 2320 1223 et

187 1242 391 1308 abbas
437 1243 700 1330 quidam
729 1246 830 1309 uir
873 1246 1326 1310 ueracissimus
1375 1244 1455 1310 de
1501 1245 1888 1310 monasterio
1936 1245 2317 1331 Peartaneu,

186 1332 500 1397 uocabulo
542 1332 747 1415 Deda,
794 1333 1088 1398 retulisse
1111 1334 1234 1398 sibi
1280 1334 1601 1420 quendam
1649 1335 1985 1419 seniorem,
2031 1333 2317 1420 baptiza·
2364 1325 2373 1340 ⁸

185 1430 325 1486 tum
373 1443 442 1485 se
501 1421 700 1487 fuisse
758 1420 861 1488 die
918 1422 1134 1489 media
1177 1446 1218 1488 a
1262 1424 1534 1488 Paulino
1593 1424 1922 1510 episcopo,
1983 1432 2319 1511 praesente

183 1532 346 1596 rege
376 1508 694 1595 AeduinO,
745 1520 808 1576 et
832 1511 1115 1577 ‘multam
1160 1512 1383 1599 populi
1427 1512 1684 1578 turbam
1716 1514 1782 1576 in
1812 1511 2007 1577 fluuio
2039 1513 2322 1578 Treenta

183 1601 369 1664 iuxta
419 1601 768 1685 ciuitatem,
817 1622 983 1686 quae
1025 1603 1248 1686 lingua
1276 1601 1639 1687 Anglorum
1673 1599 2321 1687 Tiouulfingacaestir

184 1697 482 1754 uocatur:
530 1691 641 1776 qui
679 1691 873 1754 etiam
922 1689 1206 1774 effigiem
1252 1689 1540 1756 eiusdem
1572 1691 1826 1756 Paulini
1870 1691 2113 1756 referre
2149 1700 2320 1756 esset

187 1776 432 1861 solitus,
479 1778 649 1862 quod
681 1789 847 1843 esset
876 1781 977 1843 uir
1004 1781 1238 1864 longae
1270 1789 1572 1864 staturae,
1620 1779 1950 1868 paululum
1994 1781 2318 1864 incuruus,

183 1867 375 1950 nigro
445 1867 675 1954 capillo
686 1917 704 1950 ,
780 1867 947 1933 facie
1013 1867 1391 1955 macilenta,
1468 1891 1622 1933 naso
1684 1868 1932 1934 adunco
1996 1871 2315 1956 pertenui,

182 1955 572 2020 uenerabilis
641 1957 828 2021 simul
896 1965 960 2024 et
1026 1958 1331 2023 terribilis
1398 1965 1683 2045 aspectu.
1790 1957 2039 2022 Habuit
2107 1968 2319 2023 autem

185 2067 407 2109 secum
455 2046 521 2108 in
567 2047 919 2111 ministerio
967 2056 1032 2111 et
1076 2046 1388 2113 Iacobum
1432 2045 1790 2132 diaconum,
1838 2047 2049 2111 uirum
2094 2049 2317 2134 utique

181 2132 569 2200 industrium
634 2157 710 2199 ac
777 2135 1058 2202 nobilem
1119 2137 1184 2201 in
1245 2134 1501 2202 Christo
1572 2143 1635 2202 et
1695 2136 1993 2222 ecclesia,
2061 2139 2170 2223 qui
2236 2136 2318 2203 ad

182 2234 408 2290 nostra
451 2246 656 2310 usque
703 2232 995 2312 tempora
1038 2228 1417 2313 permansit.

367 2312 584 2379 Tanta
625 2324 839 2379 autem
887 2337 964 2379 eo
1009 2325 1302 2401 tempore
1348 2338 1477 2401 pax
1523 2316 1589 2379 in
1634 2314 1985 2399 Brittania,
2034 2336 2314 2401 quaqua-

186 2425 448 2468 uersum
494 2404 836 2490 imperium
880 2406 1056 2489 regis
1100 2402 1380 2469 Aeduini
1440 2412 1851 2491 peruenerat,
1917 2403 2113 2469 fuisse
2173 2426 2314 2491 per-

179 2492 472 2557 hibetur:
519 2502 612 2576 ut,
661 2494 826 2557 sicut
859 2515 1061 2580 usque
1105 2493 1293 2559 hodie
1325 2495 1390 2557 in
1436 2494 1777 2580 prouerbio
1824 2491 2074 2576 dicitur,
2122 2496 2317 2557 etiam

180 2584 234 2645 si
282 2582 517 2646 mulier
561 2604 689 2647 una
733 2605 879 2648 cum
923 2606 1147 2649 recens
1193 2592 1342 2649 nato
1389 2582 1659 2670 paruulo
1703 2581 1896 2648 uellet
1938 2591 2139 2647 totam
2173 2605 2314 2668 per-

180 2669 514 2735 ambulare
579 2670 854 2737 insulam
907 2695 948 2737 a
1000 2674 1165 2738 mari
1221 2670 1306 2737 ad
1364 2694 1571 2756 mare,
1637 2671 1810 2737 nullo
1878 2694 1948 2736 se
2014 2670 2314 2737 laedente

179 2760 451 2825 ualeret.
517 2759 800 2827 Tantum
844 2784 962 2826 rex
992 2762 1158 2827 idem
1206 2761 1472 2826 utilitati
1518 2783 1671 2826 suae
1718 2762 1930 2846 gentis
1978 2760 2311 2846 consuluit,

179 2857 250 2912 ut
317 2847 641 2935 plerisque
687 2852 754 2915 in
797 2850 982 2935 locis,
1043 2852 1156 2916 ubi
1213 2852 1426 2916 fontes
1485 2849 1727 2914 lucidos
1788 2851 1969 2914 iuxta
2029 2849 2315 2935 publicos

178 2939 436 3002 uiarum
483 2939 788 3003 transitus
833 2941 1206 3025 construxit,
1253 2940 1346 3004 ibi
1389 2938 1471 3004 ob
1525 2940 1935 3021 refrigerium
1980 2939 2312 3023 uiantium,

182 3028 420 3091 erectis
468 3027 814 3113 stipitibus,
871 3050 1094 3094 aereos
1141 3052 1371 3095 caucos
1418 3027 1718 3115 suspendi
1765 3028 2045 3105 iuberet,
2106 3049 2314 3113 neque

182 3114 300 3181 hos
350 3116 686 3202 quisquam
731 3118 856 3181 nisi
899 3116 984 3182 ad
1026 3141 1214 3183 usum
1259 3119 1693 3183 necessarium
1741 3118 2113 3202 contingere
2156 3137 2313 3202 prae

180 3203 630 3288 magnitudine
683 3206 785 3270 uel
841 3206 1086 3271 timoris
1140 3209 1274 3273 eius
1328 3208 1592 3273 auderet
1646 3205 1750 3272 uel
1805 3205 2041 3270 amoris
2096 3204 2311 3268 uellet.

185 3293 474 3360 Tantum
517 3316 671 3357 uero
715 3294 780 3357 in
827 3317 1029 3380 regno
1076 3297 1495 3362 excellentiae
1539 3296 1783 3379 habuit,
1831 3303 1902 3359 ut
1938 3315 2065 3358 non
2110 3292 2313 3357 solum

183 3384 249 3447 in
296 3405 520 3470 pugna
562 3392 708 3447 ante
752 3383 935 3449 illum
978 3385 1214 3451 uexilla
1260 3394 1694 3472 gestarentur,
1759 3382 1871 3449 sed
1917 3392 1982 3448 et
2025 3390 2315 3468 tempore

185 3473 367 3558 pacis
415 3473 808 3557 equitantem
856 3474 1022 3539 inter
1069 3476 1365 3541 ciuitates
1410 3476 1547 3539 siue
1577 3473 1761 3538 uillas
1794 3480 1903 3537 aut
1947 3471 2315 3560 prouincias

186 3583 333 3626 suas
366 3583 513 3625 cum
541 3562 851 3626 ministris
885 3584 1139 3649 semper
1174 3564 1553 3629 antecedere
1599 3562 1867 3645 signifer
1913 3570 2311 3630 consuesset:

183 3672 306 3715 nec
335 3673 464 3715 non
495 3659 559 3714 et
603 3649 937 3716 incedente
968 3652 1076 3718 illo
1123 3653 1392 3718 ubilibet
1432 3674 1549 3738 per
1593 3653 1859 3740 plateas,
1907 3650 2063 3715 illud
2110 3672 2313 3736 genus

189 3740 434 3824 uexilli,
497 3739 668 3825 quod
713 3740 988 3805 Romani
1032 3742 1265 3828 tufam,
1328 3742 1527 3826 Angli
1574 3763 1726 3806 uero
1775 3739 2104 3827 appellant
2151 3738 2312 3824 tuuf,

191 3837 336 3894 ante
382 3850 526 3893 eum
573 3829 726 3894 ferri
770 3830 1035 3896 solebat.
