<?xml version="1.0" encoding="UTF-8"?>
<!DOCTYPE html PUBLIC "-//W3C//DTD XHTML 1.0 Transitional//EN"
    "http://www.w3.org/TR/xhtml1/DTD/xhtml1-transitional.dtd">
<html xmlns="http://www.w3.org/1999/xhtml" xml:lang="en" lang="en">
 <head>
  <title>
</title>
<meta http-equiv="Content-Type" content="text/html;charset=utf-8" />
  <meta name='ocr-system' content='tesseract 3.04.00' />
  <meta name='ocr-capabilities' content='ocr_page ocr_carea ocr_par ocr_line ocrx_word'/>
</head>
<body>
  <div class='ocr_page' id='page_1' title='image "./historiaecclesi00venegoog_0240.png"; bbox 0 0 2723 4326; ppageno 0'>
   <div class='ocr_carea' id='block_1_1' title="bbox 455 202 2592 265">
    <p class='ocr_par' dir='ltr' id='par_1_1' title="bbox 455 202 2592 265">
     <span class='ocr_line' id='line_1_1' title="bbox 455 202 2592 265; baseline -0.005 0"><span class='ocrx_word' id='word_1_1' title='bbox 455 202 583 265; x_wconf 85' lang='lat'><strong>230</strong></span> <span class='ocrx_word' id='word_1_2' title='bbox 2323 205 2392 256; x_wconf 88' lang='lat' dir='ltr'><strong>V.</strong></span> <span class='ocrx_word' id='word_1_3' title='bbox 2437 206 2592 260; x_wconf 82' lang='lat'><strong>2—3.</strong></span> 
     </span>
    </p>
   </div>
   <div class='ocr_carea' id='block_1_2' title="bbox 453 375 2663 1266">
    <p class='ocr_par' dir='ltr' id='par_1_2' title="bbox 453 375 2659 621">
     <span class='ocr_line' id='line_1_2' title="bbox 454 375 2659 469; baseline 0.001 -27"><span class='ocrx_word' id='word_1_4' title='bbox 454 378 733 442; x_wconf 86' lang='lat' dir='ltr'><strong>stitutus.</strong></span> <span class='ocrx_word' id='word_1_5' title='bbox 826 375 1023 443; x_wconf 81' lang='lat' dir='ltr'><strong>Cuius</strong></span> <span class='ocrx_word' id='word_1_6' title='bbox 1084 380 1341 443; x_wconf 88' lang='lat' dir='ltr'><strong>sanitati</strong></span> <span class='ocrx_word' id='word_1_7' title='bbox 1405 378 1816 464; x_wconf 80' lang='lat' dir='ltr'><strong>congaudens</strong></span> <span class='ocrx_word' id='word_1_8' title='bbox 1863 379 2203 466; x_wconf 85' lang='lat' dir='ltr'><strong>episeopus</strong></span> <span class='ocrx_word' id='word_1_9' title='bbox 2248 383 2588 469; x_wconf 86' lang='lat' dir='ltr'><strong>praecepit</strong></span> <span class='ocrx_word' id='word_1_10' title='bbox 2657 404 2659 459; x_wconf 70' lang='grc' dir='ltr'><strong>ς</strong></span> 
     </span>
     <span class='ocr_line' id='line_1_3' title="bbox 456 460 2659 557; baseline 0.001 -27"><span class='ocrx_word' id='word_1_11' title='bbox 456 466 703 532; x_wconf 89' lang='lat' dir='ltr'><strong>medico</strong></span> <span class='ocrx_word' id='word_1_12' title='bbox 750 467 944 533; x_wconf 87' lang='lat' dir='ltr'><strong>etiam</strong></span> <span class='ocrx_word' id='word_1_13' title='bbox 990 467 1313 533; x_wconf 79' lang='lat' dir='ltr'><strong>sanandae</strong></span> <span class='ocrx_word' id='word_1_14' title='bbox 1358 467 1720 533; x_wconf 79' lang='lat' dir='ltr'><strong>scabredini</strong></span> <span class='ocrx_word' id='word_1_15' title='bbox 1764 470 1992 557; x_wconf 89' lang='lat' dir='ltr'><strong>capitis</strong></span> <span class='ocrx_word' id='word_1_16' title='bbox 2039 472 2177 535; x_wconf 89' lang='lat' dir='ltr'><strong>eius</strong></span> <span class='ocrx_word' id='word_1_17' title='bbox 2211 492 2437 534; x_wconf 85' lang='lat' dir='ltr'><strong>euram</strong></span> <span class='ocrx_word' id='word_1_18' title='bbox 2483 469 2586 534; x_wconf 91' lang='lat' dir='ltr'><strong>ad·</strong></span> <span class='ocrx_word' id='word_1_19' title='bbox 2657 460 2659 509; x_wconf 38' lang='grc' dir='ltr'>Ψ</span> 
     </span>
     <span class='ocr_line' id='line_1_4' title="bbox 453 555 694 621; baseline 0 -2"><span class='ocrx_word' id='word_1_20' title='bbox 453 555 694 621; x_wconf 82' lang='lat' dir='ltr'><strong>hibere.</strong></span> 
     </span>
    </p>

    <p class='ocr_par' dir='ltr' id='par_1_3' title="bbox 453 644 2663 1266">
     <span class='ocr_line' id='line_1_5' title="bbox 632 644 2588 734; baseline 0.001 -27"><span class='ocrx_word' id='word_1_21' title='bbox 632 644 837 728; x_wconf 82' lang='lat' dir='ltr'><strong>Fecit,</strong></span> <span class='ocrx_word' id='word_1_22' title='bbox 884 654 955 709; x_wconf 94' lang='lat' dir='ltr'><strong>ut</strong></span> <span class='ocrx_word' id='word_1_23' title='bbox 999 647 1287 729; x_wconf 88' lang='lat' dir='ltr'><strong>iusserat,</strong></span> <span class='ocrx_word' id='word_1_24' title='bbox 1352 655 1417 711; x_wconf 94' lang='lat' dir='ltr'><strong>et</strong></span> <span class='ocrx_word' id='word_1_25' title='bbox 1460 647 1722 711; x_wconf 85' lang='lat' dir='ltr'><strong>iuuante</strong></span> <span class='ocrx_word' id='word_1_26' title='bbox 1766 646 2214 712; x_wconf 89' lang='lat' dir='ltr'><strong>benedictione</strong></span> <span class='ocrx_word' id='word_1_27' title='bbox 2257 669 2333 711; x_wconf 91' lang='lat' dir='ltr'><strong>ac</strong></span> <span class='ocrx_word' id='word_1_28' title='bbox 2383 648 2588 734; x_wconf 87' lang='lat' dir='ltr'><strong>preci-</strong></span> 
     </span>
     <span class='ocr_line' id='line_1_6' title="bbox 453 732 2661 823; baseline 0 -26"><span class='ocrx_word' id='word_1_29' title='bbox 453 732 573 797; x_wconf 89' lang='lat' dir='ltr'><strong>bus</strong></span> <span class='ocrx_word' id='word_1_30' title='bbox 618 735 921 799; x_wconf 88' lang='lat' dir='ltr'><strong>antistitis</strong></span> <span class='ocrx_word' id='word_1_31' title='bbox 966 744 1118 800; x_wconf 87' lang='lat' dir='ltr'><strong>nata</strong></span> <span class='ocrx_word' id='word_1_32' title='bbox 1164 744 1262 799; x_wconf 87' lang='lat' dir='ltr'><strong>est</strong></span> <span class='ocrx_word' id='word_1_33' title='bbox 1307 757 1455 799; x_wconf 90' lang='lat' dir='ltr'><strong>cum</strong></span> <span class='ocrx_word' id='word_1_34' title='bbox 1501 736 1775 801; x_wconf 85' lang='lat' dir='ltr'><strong>sanitate</strong></span> <span class='ocrx_word' id='word_1_35' title='bbox 1821 736 1985 800; x_wconf 89' lang='lat' dir='ltr'><strong>cutis</strong></span> <span class='ocrx_word' id='word_1_36' title='bbox 2031 746 2303 801; x_wconf 87' lang='lat' dir='ltr'><strong>uenusta</strong></span> <span class='ocrx_word' id='word_1_37' title='bbox 2333 738 2586 823; x_wconf 88' lang='lat' dir='ltr'><strong>species</strong></span> <span class='ocrx_word' id='word_1_38' title='bbox 2659 758 2661 789; x_wconf 68' lang='grc' dir='ltr'><strong><em>τ</em></strong></span> 
     </span>
     <span class='ocr_line' id='line_1_7' title="bbox 456 823 2586 912; baseline 0 -25"><span class='ocrx_word' id='word_1_39' title='bbox 456 824 833 910; x_wconf 90' lang='lat' dir='ltr'><strong>capillorum</strong></span> <span class='ocrx_word' id='word_1_40' title='bbox 882 824 1216 910; x_wconf 86' lang='lat' dir='ltr'><strong>factusque</strong></span> <span class='ocrx_word' id='word_1_41' title='bbox 1264 833 1364 888; x_wconf 89' lang='lat' dir='ltr'><strong>est</strong></span> <span class='ocrx_word' id='word_1_42' title='bbox 1407 825 1656 889; x_wconf 90' lang='lat' dir='ltr'><strong>iuuenis</strong></span> <span class='ocrx_word' id='word_1_43' title='bbox 1684 823 1988 912; x_wconf 91' lang='lat' dir='ltr'><strong>limpidus</strong></span> <span class='ocrx_word' id='word_1_44' title='bbox 2017 825 2202 890; x_wconf 91' lang='lat' dir='ltr'><strong>uultu</strong></span> <span class='ocrx_word' id='word_1_45' title='bbox 2235 836 2300 890; x_wconf 90' lang='lat' dir='ltr'><strong>et</strong></span> <span class='ocrx_word' id='word_1_46' title='bbox 2327 826 2586 911; x_wconf 87' lang='lat' dir='ltr'><strong>loquela</strong></span> 
     </span>
     <span class='ocr_line' id='line_1_8' title="bbox 455 912 2663 1001; baseline 0 -24"><span class='ocrx_word' id='word_1_47' title='bbox 455 923 768 1000; x_wconf 88' lang='lat' dir='ltr'><strong>promtus,</strong></span> <span class='ocrx_word' id='word_1_48' title='bbox 818 912 1061 999; x_wconf 82' lang='lat' dir='ltr'><strong>capillis</strong></span> <span class='ocrx_word' id='word_1_49' title='bbox 1108 912 1536 1000; x_wconf 86' lang='lat' dir='ltr'><strong>pulcherrime</strong></span> <span class='ocrx_word' id='word_1_50' title='bbox 1583 914 1828 1001; x_wconf 88' lang='lat' dir='ltr'><strong>crispis,</strong></span> <span class='ocrx_word' id='word_1_51' title='bbox 1877 915 1988 999; x_wconf 89' lang='lat' dir='ltr'><strong>qui</strong></span> <span class='ocrx_word' id='word_1_52' title='bbox 2033 923 2184 980; x_wconf 89' lang='lat' dir='ltr'><strong>ante</strong></span> <span class='ocrx_word' id='word_1_53' title='bbox 2229 915 2448 981; x_wconf 81' lang='lat' dir='ltr'><strong>fuerat</strong></span> <span class='ocrx_word' id='word_1_54' title='bbox 2496 913 2594 978; x_wconf 90' lang='lat' dir='ltr'><strong>de·</strong></span> <span class='ocrx_word' id='word_1_55' title='bbox 2661 990 2663 997; x_wconf 26' lang='grc' dir='ltr'>Ι</span> 
     </span>
     <span class='ocr_line' id='line_1_9' title="bbox 457 999 2588 1090; baseline -0 -24"><span class='ocrx_word' id='word_1_56' title='bbox 457 1002 699 1086; x_wconf 90' lang='lat' dir='ltr'><strong>formis,</strong></span> <span class='ocrx_word' id='word_1_57' title='bbox 746 1024 991 1090; x_wconf 88' lang='lat' dir='ltr'><strong>pauper</strong></span> <span class='ocrx_word' id='word_1_58' title='bbox 1056 1012 1121 1068; x_wconf 89' lang='lat' dir='ltr'><strong>et</strong></span> <span class='ocrx_word' id='word_1_59' title='bbox 1182 1010 1418 1070; x_wconf 87' lang='lat' dir='ltr'><strong>mutus.</strong></span> <span class='ocrx_word' id='word_1_60' title='bbox 1511 1000 1748 1089; x_wconf 87' lang='lat' dir='ltr'><strong>Sicque</strong></span> <span class='ocrx_word' id='word_1_61' title='bbox 1807 999 1890 1067; x_wconf 89' lang='lat' dir='ltr'><strong>de</strong></span> <span class='ocrx_word' id='word_1_62' title='bbox 1951 1012 2260 1090; x_wconf 87' lang='lat' dir='ltr'><strong>percepta</strong></span> <span class='ocrx_word' id='word_1_63' title='bbox 2311 1004 2588 1069; x_wconf 83' lang='lat' dir='ltr'><strong>laetatus</strong></span> 
     </span>
     <span class='ocr_line' id='line_1_10' title="bbox 457 1090 2592 1179; baseline 0 -24"><span class='ocrx_word' id='word_1_64' title='bbox 457 1092 786 1177; x_wconf 88' lang='lat' dir='ltr'><strong>sospitate,</strong></span> <span class='ocrx_word' id='word_1_65' title='bbox 856 1090 1168 1157; x_wconf 88' lang='lat' dir='ltr'><strong>offerente</strong></span> <span class='ocrx_word' id='word_1_66' title='bbox 1214 1092 1412 1156; x_wconf 88' lang='lat' dir='ltr'><strong>etiam</strong></span> <span class='ocrx_word' id='word_1_67' title='bbox 1459 1092 1521 1156; x_wconf 88' lang='lat' dir='ltr'><strong>ei</strong></span> <span class='ocrx_word' id='word_1_68' title='bbox 1567 1093 1865 1179; x_wconf 90' lang='lat' dir='ltr'><strong>episcopo</strong></span> <span class='ocrx_word' id='word_1_69' title='bbox 1881 1141 1898 1174; x_wconf 91' lang='lat'><strong>,</strong></span> <span class='ocrx_word' id='word_1_70' title='bbox 1956 1101 2028 1156; x_wconf 90' lang='lat' dir='ltr'><strong>ut</strong></span> <span class='ocrx_word' id='word_1_71' title='bbox 2074 1094 2143 1157; x_wconf 88' lang='lat' dir='ltr'><strong>in</strong></span> <span class='ocrx_word' id='word_1_72' title='bbox 2186 1114 2304 1157; x_wconf 91' lang='lat' dir='ltr'><strong>sua</strong></span> <span class='ocrx_word' id='word_1_73' title='bbox 2345 1092 2592 1157; x_wconf 84' lang='lat' dir='ltr'><strong>familia</strong></span> 
     </span>
     <span class='ocr_line' id='line_1_11' title="bbox 456 1178 2486 1266; baseline 0.001 -21"><span class='ocrx_word' id='word_1_74' title='bbox 456 1178 760 1246; x_wconf 89' lang='lat' dir='ltr'><strong>manendi</strong></span> <span class='ocrx_word' id='word_1_75' title='bbox 802 1181 1017 1245; x_wconf 87' lang='lat' dir='ltr'><strong>locum</strong></span> <span class='ocrx_word' id='word_1_76' title='bbox 1061 1182 1405 1266; x_wconf 88' lang='lat' dir='ltr'><strong>acciperet,</strong></span> <span class='ocrx_word' id='word_1_77' title='bbox 1453 1182 1662 1265; x_wconf 84' lang='lat' dir='ltr'><strong>magis</strong></span> <span class='ocrx_word' id='word_1_78' title='bbox 1709 1178 1967 1246; x_wconf 90' lang='lat' dir='ltr'><strong>domum</strong></span> <span class='ocrx_word' id='word_1_79' title='bbox 2013 1204 2308 1246; x_wconf 86' lang='lat' dir='ltr'><strong>reuersus</strong></span> <span class='ocrx_word' id='word_1_80' title='bbox 2357 1192 2486 1250; x_wconf 86' lang='lat' dir='ltr'><strong>est.</strong></span> 
     </span>
    </p>
   </div>
   <div class='ocr_carea' id='block_1_3' title="bbox 1499 1415 1560 1477">
    <p class='ocr_par' dir='ltr' id='par_1_4' title="bbox 1499 1415 1560 1477">
     <span class='ocr_line' id='line_1_12' title="bbox 1499 1415 1560 1477; baseline 0 0"><span class='ocrx_word' id='word_1_81' title='bbox 1499 1415 1560 1477; x_wconf 89' lang='lat'><strong>3.</strong></span> 
     </span>
    </p>
   </div>
   <div class='ocr_carea' id='block_1_4' title="bbox 783 1570 2254 1639">
    <p class='ocr_par' dir='ltr' id='par_1_5' title="bbox 783 1570 2254 1639">
     <span class='ocr_line' id='line_1_13' title="bbox 783 1570 2254 1639; baseline 0.001 -14"><span class='ocrx_word' id='word_1_82' title='bbox 783 1570 863 1625; x_wconf 77' lang='lat' dir='ltr'><strong>Vt</strong></span> <span class='ocrx_word' id='word_1_83' title='bbox 900 1570 1171 1639; x_wconf 81' lang='lat' dir='ltr'><strong>puellam</strong></span> <span class='ocrx_word' id='word_1_84' title='bbox 1207 1570 1606 1637; x_wconf 75' lang='lat' dir='ltr'><strong>languentem</strong></span> <span class='ocrx_word' id='word_1_85' title='bbox 1643 1571 1875 1627; x_wconf 82' lang='lat' dir='ltr'><strong>orando</strong></span> <span class='ocrx_word' id='word_1_86' title='bbox 1915 1570 2254 1626; x_wconf 83' lang='lat' dir='ltr'><strong>sauauerit.</strong></span> 
     </span>
    </p>
   </div>
   <div class='ocr_carea' id='block_1_5' title="bbox 394 1713 2622 3943">
    <p class='ocr_par' dir='ltr' id='par_1_6' title="bbox 394 1713 2622 3943">
     <span class='ocr_line' id='line_1_14' title="bbox 636 1713 2584 1802; baseline -0.001 -23"><span class='ocrx_word' id='word_1_87' title='bbox 636 1713 946 1781; x_wconf 88' lang='lat' dir='ltr'><strong>Narrauit</strong></span> <span class='ocrx_word' id='word_1_88' title='bbox 998 1714 1171 1781; x_wconf 92' lang='lat' dir='ltr'><strong>idem</strong></span> <span class='ocrx_word' id='word_1_89' title='bbox 1217 1714 1550 1782; x_wconf 85' lang='lat' dir='ltr'><strong>Berethun</strong></span> <span class='ocrx_word' id='word_1_90' title='bbox 1612 1724 1676 1780; x_wconf 92' lang='lat' dir='ltr'><strong>et</strong></span> <span class='ocrx_word' id='word_1_91' title='bbox 1736 1713 1911 1780; x_wconf 91' lang='lat' dir='ltr'><strong>aliud</strong></span> <span class='ocrx_word' id='word_1_92' title='bbox 1957 1714 2037 1780; x_wconf 89' lang='lat' dir='ltr'><strong>de</strong></span> <span class='ocrx_word' id='word_1_93' title='bbox 2082 1716 2380 1802; x_wconf 88' lang='lat' dir='ltr'><strong>praefato</strong></span> <span class='ocrx_word' id='word_1_94' title='bbox 2428 1715 2584 1780; x_wconf 89' lang='lat' dir='ltr'><strong>anti-</strong></span> 
     </span>
     <span class='ocr_line' id='line_1_15' title="bbox 460 1801 2587 1883; baseline -0.002 -14"><span class='ocrx_word' id='word_1_95' title='bbox 460 1805 608 1869; x_wconf 81' lang='lat' dir='ltr'><strong>stite</strong></span> <span class='ocrx_word' id='word_1_96' title='bbox 654 1805 1050 1869; x_wconf 87' lang='lat' dir='ltr'><strong>miraculum.</strong></span> <span class='ocrx_word' id='word_1_97' title='bbox 1146 1802 1317 1883; x_wconf 85' lang='lat' dir='ltr'><strong>Quia</strong></span> <span class='ocrx_word' id='word_1_98' title='bbox 1375 1827 1520 1870; x_wconf 90' lang='lat' dir='ltr'><strong>cum</strong></span> <span class='ocrx_word' id='word_1_99' title='bbox 1579 1805 2136 1870; x_wconf 85' lang='lat' dir='ltr'><strong>reuerentissimus</strong></span> <span class='ocrx_word' id='word_1_100' title='bbox 2191 1806 2290 1869; x_wconf 92' lang='lat' dir='ltr'><strong>uir</strong></span> <span class='ocrx_word' id='word_1_101' title='bbox 2351 1801 2587 1869; x_wconf 86' lang='lat' dir='ltr'><strong>Vilfrid</strong></span> 
     </span>
     <span class='ocr_line' id='line_1_16' title="bbox 458 1891 2584 1981; baseline -0.002 -24"><span class='ocrx_word' id='word_1_102' title='bbox 458 1902 605 1980; x_wconf 89' lang='lat' dir='ltr'><strong>post</strong></span> <span class='ocrx_word' id='word_1_103' title='bbox 649 1895 918 1978; x_wconf 88' lang='lat' dir='ltr'><strong>longum</strong></span> <span class='ocrx_word' id='word_1_104' title='bbox 963 1894 1223 1959; x_wconf 83' lang='lat' dir='ltr'><strong>exilium</strong></span> <span class='ocrx_word' id='word_1_105' title='bbox 1267 1896 1334 1958; x_wconf 92' lang='lat' dir='ltr'><strong>in</strong></span> <span class='ocrx_word' id='word_1_106' title='bbox 1367 1895 1806 1981; x_wconf 88' lang='lat' dir='ltr'><strong>episcopatum</strong></span> <span class='ocrx_word' id='word_1_107' title='bbox 1853 1902 2024 1959; x_wconf 87' lang='lat' dir='ltr'><strong>esset</strong></span> <span class='ocrx_word' id='word_1_108' title='bbox 2044 1891 2584 1978; x_wconf 83' lang='lat' dir='ltr'><strong>Hagustaldensis</strong></span> 
     </span>
     <span class='ocr_line' id='line_1_17' title="bbox 462 1980 2584 2070; baseline -0.002 -23"><span class='ocrx_word' id='word_1_109' title='bbox 462 1982 771 2047; x_wconf 85' lang='lat' dir='ltr'><strong>ecelesiae</strong></span> <span class='ocrx_word' id='word_1_110' title='bbox 816 1993 1134 2070; x_wconf 75' lang='lat' dir='ltr'><strong>receptae,</strong></span> <span class='ocrx_word' id='word_1_111' title='bbox 1183 1992 1247 2047; x_wconf 88' lang='lat' dir='ltr'><strong>et</strong></span> <span class='ocrx_word' id='word_1_112' title='bbox 1293 1982 1465 2048; x_wconf 91' lang='lat' dir='ltr'><strong>idem</strong></span> <span class='ocrx_word' id='word_1_113' title='bbox 1509 1982 1847 2066; x_wconf 90' lang='lat' dir='ltr'><strong>Iohannes,</strong></span> <span class='ocrx_word' id='word_1_114' title='bbox 1896 1980 2201 2048; x_wconf 81' lang='lat' dir='ltr'><strong>defuncto</strong></span> <span class='ocrx_word' id='word_1_115' title='bbox 2231 1983 2408 2049; x_wconf 90' lang='lat' dir='ltr'><strong>Bosa</strong></span> <span class='ocrx_word' id='word_1_116' title='bbox 2455 1983 2584 2046; x_wconf 89' lang='lat' dir='ltr'><strong>uiro</strong></span> 
     </span>
     <span class='ocr_line' id='line_1_18' title="bbox 394 2064 2582 2159; baseline -0.001 -24"><span class='ocrx_word' id='word_1_117' title='bbox 394 2064 405 2079; x_wconf 84' lang='lat'><em>&#39;</em></span> <span class='ocrx_word' id='word_1_118' title='bbox 463 2072 701 2136; x_wconf 89' lang='lat' dir='ltr'><strong>multae</strong></span> <span class='ocrx_word' id='word_1_119' title='bbox 748 2074 1105 2138; x_wconf 81' lang='lat' dir='ltr'><strong>sanctitatis</strong></span> <span class='ocrx_word' id='word_1_120' title='bbox 1153 2081 1217 2137; x_wconf 87' lang='lat' dir='ltr'><strong>et</strong></span> <span class='ocrx_word' id='word_1_121' title='bbox 1261 2071 1640 2137; x_wconf 83' lang='lat' dir='ltr'><strong>humilitatis</strong></span> <span class='ocrx_word' id='word_1_122' title='bbox 1656 2121 1674 2154; x_wconf 91' lang='lat'><strong>,</strong></span> <span class='ocrx_word' id='word_1_123' title='bbox 1723 2072 2059 2159; x_wconf 89' lang='lat' dir='ltr'><strong>episcopus</strong></span> <span class='ocrx_word' id='word_1_124' title='bbox 2118 2094 2235 2158; x_wconf 90' lang='lat' dir='ltr'><strong>pro</strong></span> <span class='ocrx_word' id='word_1_125' title='bbox 2296 2093 2370 2137; x_wconf 92' lang='lat' dir='ltr'><strong>eo</strong></span> <span class='ocrx_word' id='word_1_126' title='bbox 2417 2070 2582 2135; x_wconf 89' lang='lat' dir='ltr'><strong>Ebo-</strong></span> 
     </span>
     <span class='ocr_line' id='line_1_19' title="bbox 460 2159 2583 2249; baseline -0.001 -24"><span class='ocrx_word' id='word_1_127' title='bbox 460 2161 594 2226; x_wconf 89' lang='lat' dir='ltr'><strong>raci</strong></span> <span class='ocrx_word' id='word_1_128' title='bbox 643 2161 1053 2245; x_wconf 86' lang='lat' dir='ltr'><strong>substitutus,</strong></span> <span class='ocrx_word' id='word_1_129' title='bbox 1103 2162 1349 2227; x_wconf 90' lang='lat' dir='ltr'><strong>uenerit</strong></span> <span class='ocrx_word' id='word_1_130' title='bbox 1395 2165 1533 2249; x_wconf 90' lang='lat' dir='ltr'><strong>ipse</strong></span> <span class='ocrx_word' id='word_1_131' title='bbox 1579 2172 1870 2248; x_wconf 90' lang='lat' dir='ltr'><strong>tempore</strong></span> <span class='ocrx_word' id='word_1_132' title='bbox 1916 2160 2194 2247; x_wconf 88' lang='lat' dir='ltr'><strong>quodam</strong></span> <span class='ocrx_word' id='word_1_133' title='bbox 2241 2159 2325 2227; x_wconf 88' lang='lat' dir='ltr'><strong>ad</strong></span> <span class='ocrx_word' id='word_1_134' title='bbox 2371 2183 2583 2226; x_wconf 90' lang='lat' dir='ltr'><strong>mona·</strong></span> 
     </span>
     <span class='ocr_line' id='line_1_20' title="bbox 459 2250 2581 2336; baseline -0.001 -22"><span class='ocrx_word' id='word_1_135' title='bbox 459 2252 724 2316; x_wconf 88' lang='lat' dir='ltr'><strong>sterium</strong></span> <span class='ocrx_word' id='word_1_136' title='bbox 767 2253 1093 2336; x_wconf 86' lang='lat' dir='ltr'><strong>uirginum</strong></span> <span class='ocrx_word' id='word_1_137' title='bbox 1139 2253 1206 2315; x_wconf 88' lang='lat' dir='ltr'><strong>in</strong></span> <span class='ocrx_word' id='word_1_138' title='bbox 1250 2252 1411 2333; x_wconf 83' lang='lat' dir='ltr'><strong>loce,</strong></span> <span class='ocrx_word' id='word_1_139' title='bbox 1462 2253 1571 2336; x_wconf 90' lang='lat' dir='ltr'><strong>qui</strong></span> <span class='ocrx_word' id='word_1_140' title='bbox 1618 2261 1886 2316; x_wconf 79' lang='lat' dir='ltr'><strong>uocatur</strong></span> <span class='ocrx_word' id='word_1_141' title='bbox 1917 2250 2241 2334; x_wconf 89' lang='lat' dir='ltr'><strong>Vetadun,</strong></span> <span class='ocrx_word' id='word_1_142' title='bbox 2290 2253 2392 2315; x_wconf 86' lang='lat' dir='ltr'><strong>cui</strong></span> <span class='ocrx_word' id='word_1_143' title='bbox 2438 2262 2581 2315; x_wconf 86' lang='lat' dir='ltr'><strong>tunc</strong></span> 
     </span>
     <span class='ocr_line' id='line_1_21' title="bbox 457 2338 2622 2427; baseline -0.001 -23"><span class='ocrx_word' id='word_1_144' title='bbox 457 2338 792 2427; x_wconf 89' lang='lat' dir='ltr'><strong>Heriburg</strong></span> <span class='ocrx_word' id='word_1_145' title='bbox 838 2341 1167 2405; x_wconf 82' lang='lat' dir='ltr'><strong>abbatissa</strong></span> <span class='ocrx_word' id='word_1_146' title='bbox 1213 2341 1517 2426; x_wconf 86' lang='lat' dir='ltr'><strong>praefuit.</strong></span> <span class='ocrx_word' id='word_1_147' title='bbox 1613 2339 1763 2404; x_wconf 86' lang='lat' dir='ltr'><strong>‘Vbi</strong></span> <span class='ocrx_word' id='word_1_148' title='bbox 1821 2363 1968 2406; x_wconf 87' lang='lat' dir='ltr'><strong>oum</strong></span> <span class='ocrx_word' id='word_1_149' title='bbox 2028 2340 2450 2405; x_wconf 89' lang='lat' dir='ltr'><strong>uenissemus’</strong></span> <span class='ocrx_word' id='word_1_150' title='bbox 2499 2341 2582 2402; x_wconf 88' lang='lat' dir='ltr'><strong>in·</strong></span> <span class='ocrx_word' id='word_1_151' title='bbox 2619 2415 2622 2418; x_wconf 13' lang='lat'><strong>⁴</strong></span> 
     </span>
     <span class='ocr_line' id='line_1_22' title="bbox 458 2429 2584 2516; baseline -0.002 -22"><span class='ocrx_word' id='word_1_152' title='bbox 458 2430 597 2516; x_wconf 91' lang='lat' dir='ltr'><strong>quit</strong></span> <span class='ocrx_word' id='word_1_153' title='bbox 645 2429 732 2494; x_wconf 88' lang='lat' dir='ltr'><strong>‘et</strong></span> <span class='ocrx_word' id='word_1_154' title='bbox 778 2451 1013 2514; x_wconf 86' lang='lat' dir='ltr'><strong>magno</strong></span> <span class='ocrx_word' id='word_1_155' title='bbox 1058 2431 1504 2494; x_wconf 87' lang='lat' dir='ltr'><strong>uniuersorum</strong></span> <span class='ocrx_word' id='word_1_156' title='bbox 1553 2429 1788 2514; x_wconf 86' lang='lat' dir='ltr'><strong>gaudio</strong></span> <span class='ocrx_word' id='word_1_157' title='bbox 1837 2431 2119 2516; x_wconf 89' lang='lat' dir='ltr'><strong>suscepti</strong></span> <span class='ocrx_word' id='word_1_158' title='bbox 2167 2451 2472 2512; x_wconf 86' lang='lat' dir='ltr'><strong>essemus,</strong></span> <span class='ocrx_word' id='word_1_159' title='bbox 2500 2429 2584 2490; x_wconf 90' lang='lat' dir='ltr'><strong>in-</strong></span> 
     </span>
     <span class='ocr_line' id='line_1_23' title="bbox 456 2516 2582 2605; baseline -0.001 -23"><span class='ocrx_word' id='word_1_160' title='bbox 456 2517 697 2583; x_wconf 88' lang='lat' dir='ltr'><strong>dicauit</strong></span> <span class='ocrx_word' id='word_1_161' title='bbox 741 2520 927 2584; x_wconf 90' lang='lat' dir='ltr'><strong>nobis</strong></span> <span class='ocrx_word' id='word_1_162' title='bbox 974 2518 1325 2596; x_wconf 87' lang='lat' dir='ltr'><strong>abbatissa,</strong></span> <span class='ocrx_word' id='word_1_163' title='bbox 1386 2518 1558 2605; x_wconf 89' lang='lat' dir='ltr'><strong>quod</strong></span> <span class='ocrx_word' id='word_1_164' title='bbox 1608 2516 1924 2604; x_wconf 89' lang='lat' dir='ltr'><strong>quaedam</strong></span> <span class='ocrx_word' id='word_1_165' title='bbox 1969 2519 2050 2583; x_wconf 90' lang='lat' dir='ltr'><strong>de</strong></span> <span class='ocrx_word' id='word_1_166' title='bbox 2081 2540 2346 2583; x_wconf 90' lang='lat' dir='ltr'><strong>numero</strong></span> <span class='ocrx_word' id='word_1_167' title='bbox 2392 2517 2582 2601; x_wconf 89' lang='lat' dir='ltr'><strong>uirgi-</strong></span> 
     </span>
     <span class='ocr_line' id='line_1_24' title="bbox 460 2607 2581 2695; baseline -0.003 -23"><span class='ocrx_word' id='word_1_168' title='bbox 460 2630 634 2690; x_wconf 87' lang='lat' dir='ltr'><strong>num,</strong></span> <span class='ocrx_word' id='word_1_169' title='bbox 683 2630 850 2694; x_wconf 88' lang='lat' dir='ltr'><strong>quae</strong></span> <span class='ocrx_word' id='word_1_170' title='bbox 899 2619 1036 2673; x_wconf 87' lang='lat' dir='ltr'><strong>erat</strong></span> <span class='ocrx_word' id='word_1_171' title='bbox 1079 2608 1212 2672; x_wconf 88' lang='lat' dir='ltr'><strong>filia</strong></span> <span class='ocrx_word' id='word_1_172' title='bbox 1255 2609 1456 2695; x_wconf 89' lang='lat' dir='ltr'><strong>ipsius</strong></span> <span class='ocrx_word' id='word_1_173' title='bbox 1504 2607 1798 2691; x_wconf 90' lang='lat' dir='ltr'><strong>carnalis,</strong></span> <span class='ocrx_word' id='word_1_174' title='bbox 1846 2608 2231 2693; x_wconf 84' lang='lat' dir='ltr'><strong>grauissimo</strong></span> <span class='ocrx_word' id='word_1_175' title='bbox 2274 2607 2581 2693; x_wconf 87' lang='lat' dir='ltr'><strong>languore</strong></span> 
     </span>
     <span class='ocr_line' id='line_1_25' title="bbox 456 2695 2580 2785; baseline -0.003 -23"><span class='ocrx_word' id='word_1_176' title='bbox 456 2705 811 2763; x_wconf 88' lang='lat' dir='ltr'><strong>teneretur:</strong></span> <span class='ocrx_word' id='word_1_177' title='bbox 862 2699 1013 2784; x_wconf 90' lang='lat' dir='ltr'><strong>quia</strong></span> <span class='ocrx_word' id='word_1_178' title='bbox 1054 2696 1540 2785; x_wconf 86' lang='lat' dir='ltr'><strong>phlebotomata</strong></span> <span class='ocrx_word' id='word_1_179' title='bbox 1572 2706 1670 2761; x_wconf 83' lang='lat' dir='ltr'><strong>est</strong></span> <span class='ocrx_word' id='word_1_180' title='bbox 1694 2718 1898 2784; x_wconf 88' lang='lat' dir='ltr'><strong>nuper</strong></span> <span class='ocrx_word' id='word_1_181' title='bbox 1927 2697 1995 2760; x_wconf 93' lang='lat' dir='ltr'><strong>in</strong></span> <span class='ocrx_word' id='word_1_182' title='bbox 2025 2695 2289 2761; x_wconf 90' lang='lat' dir='ltr'><strong>brachio</strong></span> <span class='ocrx_word' id='word_1_183' title='bbox 2294 2747 2312 2780; x_wconf 92' lang='lat'><strong>,</strong></span> <span class='ocrx_word' id='word_1_184' title='bbox 2347 2706 2412 2761; x_wconf 91' lang='lat' dir='ltr'><strong>et</strong></span> <span class='ocrx_word' id='word_1_185' title='bbox 2444 2714 2580 2759; x_wconf 89' lang='lat' dir='ltr'><strong>cum</strong></span> 
     </span>
     <span class='ocr_line' id='line_1_26' title="bbox 458 2783 2579 2874; baseline -0.003 -25"><span class='ocrx_word' id='word_1_186' title='bbox 458 2795 629 2850; x_wconf 88' lang='lat' dir='ltr'><strong>esset</strong></span> <span class='ocrx_word' id='word_1_187' title='bbox 674 2788 741 2850; x_wconf 93' lang='lat' dir='ltr'><strong>in</strong></span> <span class='ocrx_word' id='word_1_188' title='bbox 786 2785 1014 2870; x_wconf 86' lang='lat' dir='ltr'><strong>studio,</strong></span> <span class='ocrx_word' id='word_1_189' title='bbox 1062 2794 1239 2851; x_wconf 84' lang='lat' dir='ltr'><strong>tacta</strong></span> <span class='ocrx_word' id='word_1_190' title='bbox 1280 2796 1378 2851; x_wconf 86' lang='lat' dir='ltr'><strong>est</strong></span> <span class='ocrx_word' id='word_1_191' title='bbox 1408 2783 1782 2851; x_wconf 83' lang='lat' dir='ltr'><strong>infirmitate</strong></span> <span class='ocrx_word' id='word_1_192' title='bbox 1811 2787 2132 2874; x_wconf 86' lang='lat' dir='ltr'><strong>repentini</strong></span> <span class='ocrx_word' id='word_1_193' title='bbox 2163 2783 2416 2867; x_wconf 91' lang='lat' dir='ltr'><strong>doloris,</strong></span> <span class='ocrx_word' id='word_1_194' title='bbox 2465 2803 2579 2869; x_wconf 92' lang='lat' dir='ltr'><strong>quo</strong></span> 
     </span>
     <span class='ocr_line' id='line_1_27' title="bbox 458 2870 2580 2960; baseline -0.002 -22"><span class='ocrx_word' id='word_1_195' title='bbox 458 2896 613 2938; x_wconf 87' lang='lat' dir='ltr'><strong>mox</strong></span> <span class='ocrx_word' id='word_1_196' title='bbox 658 2876 1075 2960; x_wconf 88' lang='lat' dir='ltr'><strong>increscente,</strong></span> <span class='ocrx_word' id='word_1_197' title='bbox 1123 2877 1332 2960; x_wconf 86' lang='lat' dir='ltr'><strong>magis</strong></span> <span class='ocrx_word' id='word_1_198' title='bbox 1379 2886 1719 2959; x_wconf 84' lang='lat' dir='ltr'><strong>grauatum</strong></span> <span class='ocrx_word' id='word_1_199' title='bbox 1767 2883 1866 2940; x_wconf 88' lang='lat' dir='ltr'><strong>est</strong></span> <span class='ocrx_word' id='word_1_200' title='bbox 1909 2874 2242 2940; x_wconf 83' lang='lat' dir='ltr'><strong>brachium</strong></span> <span class='ocrx_word' id='word_1_201' title='bbox 2268 2872 2424 2939; x_wconf 90' lang='lat' dir='ltr'><strong>illud</strong></span> <span class='ocrx_word' id='word_1_202' title='bbox 2455 2870 2580 2936; x_wconf 92' lang='lat' dir='ltr'><strong>uul-</strong></span> 
     </span>
     <span class='ocr_line' id='line_1_28' title="bbox 459 2960 2578 3048; baseline -0.004 -20"><span class='ocrx_word' id='word_1_203' title='bbox 459 2972 783 3048; x_wconf 88' lang='lat' dir='ltr'><strong>neratum,</strong></span> <span class='ocrx_word' id='word_1_204' title='bbox 850 2988 927 3030; x_wconf 86' lang='lat' dir='ltr'><strong>ac</strong></span> <span class='ocrx_word' id='word_1_205' title='bbox 984 2987 1247 3030; x_wconf 84' lang='lat' dir='ltr'><strong>uersum</strong></span> <span class='ocrx_word' id='word_1_206' title='bbox 1310 2965 1379 3027; x_wconf 90' lang='lat' dir='ltr'><strong>in</strong></span> <span class='ocrx_word' id='word_1_207' title='bbox 1431 2973 1754 3029; x_wconf 90' lang='lat' dir='ltr'><strong>tumorem</strong></span> <span class='ocrx_word' id='word_1_208' title='bbox 1810 2961 1969 3028; x_wconf 84' lang='lat' dir='ltr'><strong>adeo</strong></span> <span class='ocrx_word' id='word_1_209' title='bbox 1987 3013 2005 3045; x_wconf 92' lang='lat'><strong>,</strong></span> <span class='ocrx_word' id='word_1_210' title='bbox 2070 2973 2142 3028; x_wconf 88' lang='lat' dir='ltr'><strong>ut</strong></span> <span class='ocrx_word' id='word_1_211' title='bbox 2188 2965 2296 3028; x_wconf 88' lang='lat' dir='ltr'><strong>uix</strong></span> <span class='ocrx_word' id='word_1_212' title='bbox 2344 2960 2578 3027; x_wconf 83' lang='lat' dir='ltr'><strong>duabus</strong></span> 
     </span>
     <span class='ocr_line' id='line_1_29' title="bbox 460 3053 2579 3141; baseline -0.004 -23"><span class='ocrx_word' id='word_1_213' title='bbox 460 3053 754 3118; x_wconf 87' lang='lat' dir='ltr'><strong>manibus</strong></span> <span class='ocrx_word' id='word_1_214' title='bbox 785 3054 1222 3140; x_wconf 87' lang='lat' dir='ltr'><strong>circumplecti</strong></span> <span class='ocrx_word' id='word_1_215' title='bbox 1246 3063 1484 3140; x_wconf 87' lang='lat' dir='ltr'><strong>posset,</strong></span> <span class='ocrx_word' id='word_1_216' title='bbox 1533 3055 1802 3141; x_wconf 89' lang='lat' dir='ltr'><strong>ipsaque</strong></span> <span class='ocrx_word' id='word_1_217' title='bbox 1847 3055 2064 3117; x_wconf 85' lang='lat' dir='ltr'><strong>iacens</strong></span> <span class='ocrx_word' id='word_1_218' title='bbox 2111 3055 2177 3117; x_wconf 92' lang='lat' dir='ltr'><strong>in</strong></span> <span class='ocrx_word' id='word_1_219' title='bbox 2222 3054 2390 3117; x_wconf 89' lang='lat' dir='ltr'><strong>lecto</strong></span> <span class='ocrx_word' id='word_1_220' title='bbox 2436 3068 2579 3138; x_wconf 88' lang='lat' dir='ltr'><strong>prae</strong></span> 
     </span>
     <span class='ocr_line' id='line_1_30' title="bbox 460 3139 2577 3226; baseline -0.001 -20"><span class='ocrx_word' id='word_1_221' title='bbox 460 3142 789 3208; x_wconf 88' lang='lat' dir='ltr'><strong>nimietate</strong></span> <span class='ocrx_word' id='word_1_222' title='bbox 844 3142 1079 3209; x_wconf 88' lang='lat' dir='ltr'><strong>doloris</strong></span> <span class='ocrx_word' id='word_1_223' title='bbox 1135 3145 1265 3208; x_wconf 89' lang='lat' dir='ltr'><strong>iam</strong></span> <span class='ocrx_word' id='word_1_224' title='bbox 1310 3143 1624 3207; x_wconf 85' lang='lat' dir='ltr'><strong>moritura</strong></span> <span class='ocrx_word' id='word_1_225' title='bbox 1667 3139 2011 3208; x_wconf 89' lang='lat' dir='ltr'><strong>uideretur.</strong></span> <span class='ocrx_word' id='word_1_226' title='bbox 2105 3141 2388 3226; x_wconf 86' lang='lat' dir='ltr'><strong>Rogauit</strong></span> <span class='ocrx_word' id='word_1_227' title='bbox 2433 3157 2577 3222; x_wconf 86' lang='lat' dir='ltr'><strong>ergo</strong></span> 
     </span>
     <span class='ocr_line' id='line_1_31' title="bbox 460 3227 2579 3319; baseline -0.004 -22"><span class='ocrx_word' id='word_1_228' title='bbox 460 3233 833 3319; x_wconf 88' lang='lat' dir='ltr'><strong>episcopum</strong></span> <span class='ocrx_word' id='word_1_229' title='bbox 891 3232 1244 3316; x_wconf 86' lang='lat' dir='ltr'><strong>abbatissa,</strong></span> <span class='ocrx_word' id='word_1_230' title='bbox 1313 3240 1388 3296; x_wconf 90' lang='lat' dir='ltr'><strong>ut</strong></span> <span class='ocrx_word' id='word_1_231' title='bbox 1443 3232 1716 3295; x_wconf 88' lang='lat' dir='ltr'><strong>intraret</strong></span> <span class='ocrx_word' id='word_1_232' title='bbox 1761 3231 1843 3296; x_wconf 89' lang='lat' dir='ltr'><strong>ad</strong></span> <span class='ocrx_word' id='word_1_233' title='bbox 1889 3252 2032 3295; x_wconf 88' lang='lat' dir='ltr'><strong>eam</strong></span> <span class='ocrx_word' id='word_1_234' title='bbox 2090 3253 2167 3295; x_wconf 88' lang='lat' dir='ltr'><strong>ac</strong></span> <span class='ocrx_word' id='word_1_235' title='bbox 2212 3227 2579 3295; x_wconf 90' lang='lat' dir='ltr'><strong>benedicere</strong></span> 
     </span>
     <span class='ocr_line' id='line_1_32' title="bbox 460 3318 2578 3408; baseline -0.004 -23"><span class='ocrx_word' id='word_1_236' title='bbox 460 3321 637 3386; x_wconf 88' lang='lat' dir='ltr'><strong>illam</strong></span> <span class='ocrx_word' id='word_1_237' title='bbox 698 3323 1103 3407; x_wconf 85' lang='lat' dir='ltr'><strong>dignaretur,</strong></span> <span class='ocrx_word' id='word_1_238' title='bbox 1165 3321 1321 3408; x_wconf 90' lang='lat' dir='ltr'><strong>quia</strong></span> <span class='ocrx_word' id='word_1_239' title='bbox 1379 3320 1674 3386; x_wconf 85' lang='lat' dir='ltr'><strong>crederet</strong></span> <span class='ocrx_word' id='word_1_240' title='bbox 1737 3341 1881 3384; x_wconf 88' lang='lat' dir='ltr'><strong>eam</strong></span> <span class='ocrx_word' id='word_1_241' title='bbox 1939 3319 2022 3384; x_wconf 91' lang='lat' dir='ltr'><strong>ad</strong></span> <span class='ocrx_word' id='word_1_242' title='bbox 2080 3318 2578 3385; x_wconf 88' lang='lat' dir='ltr'><strong>benedictionem</strong></span> 
     </span>
     <span class='ocr_line' id='line_1_33' title="bbox 460 3407 2578 3492; baseline -0.003 -19"><span class='ocrx_word' id='word_1_243' title='bbox 460 3410 565 3474; x_wconf 90' lang='lat' dir='ltr'><strong>uel</strong></span> <span class='ocrx_word' id='word_1_244' title='bbox 631 3419 877 3476; x_wconf 85' lang='lat' dir='ltr'><strong>tactum</strong></span> <span class='ocrx_word' id='word_1_245' title='bbox 944 3412 1115 3476; x_wconf 86' lang='lat' dir='ltr'><strong>illius</strong></span> <span class='ocrx_word' id='word_1_246' title='bbox 1183 3431 1336 3474; x_wconf 87' lang='lat' dir='ltr'><strong>mox</strong></span> <span class='ocrx_word' id='word_1_247' title='bbox 1402 3410 1628 3474; x_wconf 87' lang='lat' dir='ltr'><strong>melius</strong></span> <span class='ocrx_word' id='word_1_248' title='bbox 1696 3408 2080 3474; x_wconf 85' lang='lat' dir='ltr'><strong>habituram.</strong></span> <span class='ocrx_word' id='word_1_249' title='bbox 2171 3407 2578 3492; x_wconf 84' lang='lat' dir='ltr'><strong>Interrogans</strong></span> 
     </span>
     <span class='ocr_line' id='line_1_34' title="bbox 460 3497 2575 3588; baseline -0.003 -24"><span class='ocrx_word' id='word_1_250' title='bbox 460 3508 679 3565; x_wconf 84' lang='lat' dir='ltr'><strong>autem</strong></span> <span class='ocrx_word' id='word_1_251' title='bbox 709 3501 837 3582; x_wconf 88' lang='lat' dir='ltr'><strong>ille,</strong></span> <span class='ocrx_word' id='word_1_252' title='bbox 886 3500 1140 3588; x_wconf 89' lang='lat' dir='ltr'><strong>quando</strong></span> <span class='ocrx_word' id='word_1_253' title='bbox 1171 3499 1655 3586; x_wconf 87' lang='lat' dir='ltr'><strong>phlebotomata</strong></span> <span class='ocrx_word' id='word_1_254' title='bbox 1685 3506 1854 3563; x_wconf 89' lang='lat' dir='ltr'><strong>esset</strong></span> <span class='ocrx_word' id='word_1_255' title='bbox 1884 3497 2115 3584; x_wconf 88' lang='lat' dir='ltr'><strong>puella,</strong></span> <span class='ocrx_word' id='word_1_256' title='bbox 2163 3506 2228 3562; x_wconf 90' lang='lat' dir='ltr'><strong>et</strong></span> <span class='ocrx_word' id='word_1_257' title='bbox 2255 3507 2328 3562; x_wconf 92' lang='lat' dir='ltr'><strong>ut</strong></span> <span class='ocrx_word' id='word_1_258' title='bbox 2358 3513 2575 3580; x_wconf 87' lang='lat' dir='ltr'><strong>cogno·</strong></span> 
     </span>
     <span class='ocr_line' id='line_1_35' title="bbox 462 3584 2577 3678; baseline -0.004 -25"><span class='ocrx_word' id='word_1_259' title='bbox 462 3591 585 3671; x_wconf 89' lang='lat' dir='ltr'><strong>uit,</strong></span> <span class='ocrx_word' id='word_1_260' title='bbox 633 3593 783 3677; x_wconf 88' lang='lat' dir='ltr'><strong>quia</strong></span> <span class='ocrx_word' id='word_1_261' title='bbox 826 3591 893 3654; x_wconf 91' lang='lat' dir='ltr'><strong>in</strong></span> <span class='ocrx_word' id='word_1_262' title='bbox 938 3590 1091 3656; x_wconf 87' lang='lat' dir='ltr'><strong>luna</strong></span> <span class='ocrx_word' id='word_1_263' title='bbox 1134 3597 1392 3675; x_wconf 86' lang='lat' dir='ltr'><strong>quarta,</strong></span> <span class='ocrx_word' id='word_1_264' title='bbox 1460 3585 1651 3652; x_wconf 85' lang='lat' dir='ltr'><strong>dixit:</strong></span> <span class='ocrx_word' id='word_1_265' title='bbox 1725 3584 2036 3666; x_wconf 82' lang='lat' dir='ltr'><strong>„Multum</strong></span> <span class='ocrx_word' id='word_1_266' title='bbox 2101 3588 2472 3674; x_wconf 86' lang='lat' dir='ltr'><strong>insipienter</strong></span> <span class='ocrx_word' id='word_1_267' title='bbox 2522 3587 2577 3678; x_wconf 75' lang='lat' dir='ltr'><strong>et</strong></span> 
     </span>
     <span class='ocr_line' id='line_1_36' title="bbox 463 3672 2578 3764; baseline -0.002 -24"><span class='ocrx_word' id='word_1_268' title='bbox 463 3675 717 3746; x_wconf 88' lang='lat' dir='ltr'><strong>indocte</strong></span> <span class='ocrx_word' id='word_1_269' title='bbox 773 3680 1016 3745; x_wconf 89' lang='lat' dir='ltr'><strong>fecistis</strong></span> <span class='ocrx_word' id='word_1_270' title='bbox 1069 3683 1134 3746; x_wconf 89' lang='lat' dir='ltr'><strong>in</strong></span> <span class='ocrx_word' id='word_1_271' title='bbox 1189 3678 1341 3743; x_wconf 91' lang='lat' dir='ltr'><strong>luna</strong></span> <span class='ocrx_word' id='word_1_272' title='bbox 1396 3686 1625 3764; x_wconf 87' lang='lat' dir='ltr'><strong>quarta</strong></span> <span class='ocrx_word' id='word_1_273' title='bbox 1680 3674 2237 3763; x_wconf 88' lang='lat' dir='ltr'><strong>phlebotomando.</strong></span> <span class='ocrx_word' id='word_1_274' title='bbox 2328 3672 2578 3740; x_wconf 80' lang='lat' dir='ltr'><strong>Memim</strong></span> 
     </span>
     <span class='ocr_line' id='line_1_37' title="bbox 465 3762 2577 3852; baseline -0.003 -23"><span class='ocrx_word' id='word_1_275' title='bbox 465 3767 637 3830; x_wconf 89' lang='lat' dir='ltr'><strong>enim</strong></span> <span class='ocrx_word' id='word_1_276' title='bbox 668 3769 897 3834; x_wconf 88' lang='lat' dir='ltr'><strong>beatae</strong></span> <span class='ocrx_word' id='word_1_277' title='bbox 930 3770 1279 3834; x_wconf 88' lang='lat' dir='ltr'><strong>memoriae</strong></span> <span class='ocrx_word' id='word_1_278' title='bbox 1312 3765 1725 3832; x_wconf 87' lang='lat' dir='ltr'><strong>Theodorum</strong></span> <span class='ocrx_word' id='word_1_279' title='bbox 1762 3765 2318 3852; x_wconf 87' lang='lat' dir='ltr'><strong>archiepiscopum</strong></span> <span class='ocrx_word' id='word_1_280' title='bbox 2361 3762 2577 3838; x_wconf 84' lang='lat' dir='ltr'><strong>dicere,</strong></span> 
     </span>
     <span class='ocr_line' id='line_1_38' title="bbox 467 3850 2576 3943; baseline -0.003 -25"><span class='ocrx_word' id='word_1_281' title='bbox 467 3854 620 3938; x_wconf 89' lang='lat' dir='ltr'><strong>quia</strong></span> <span class='ocrx_word' id='word_1_282' title='bbox 693 3857 1051 3943; x_wconf 88' lang='lat' dir='ltr'><strong>periculosa</strong></span> <span class='ocrx_word' id='word_1_283' title='bbox 1126 3859 1207 3922; x_wconf 91' lang='lat' dir='ltr'><strong>sit</strong></span> <span class='ocrx_word' id='word_1_284' title='bbox 1284 3857 1438 3920; x_wconf 87' lang='lat' dir='ltr'><strong>satis</strong></span> <span class='ocrx_word' id='word_1_285' title='bbox 1513 3854 1682 3920; x_wconf 91' lang='lat' dir='ltr'><strong>illius</strong></span> <span class='ocrx_word' id='word_1_286' title='bbox 1758 3857 2066 3942; x_wconf 85' lang='lat' dir='ltr'><strong>temporis</strong></span> <span class='ocrx_word' id='word_1_287' title='bbox 2141 3850 2576 3941; x_wconf 82' lang='lat' dir='ltr'><strong>phlebotomia,</strong></span> 
     </span>
    </p>
   </div>
  </div>
 </body>
</html>
