2723 4326
180 205 228 259 I.
271 207 500 262 33—34.
2244 211 2325 274 57

180 406 223 448 a
257 382 693 447 fundamentis
740 384 1099 448 construxit
1144 404 1220 446 ac
1258 381 1531 447 diuersis
1578 381 1760 448 donis
1808 383 2059 469 ditauit‚
2107 385 2175 449 in
2206 408 2333 471 qua

181 482 254 538 et
298 474 504 558 ipsius
549 470 902 555 Augustini
950 481 1015 536 et
1061 472 1348 536 omnium
1396 475 1844 559 episcoporum
1877 474 2334 540 Doruuernen-

183 563 387 646 sium,
461 561 649 625 simul
719 570 784 625 et
853 582 1085 646 regum
1148 559 1420 626 Cantiae
1488 564 1640 648 poni
1710 585 1981 649 corpora
2048 572 2329 648 possent.

183 649 404 730 Quam
436 659 655 714 tamen
685 649 1022 715 ecclesiam
1053 673 1183 714 non
1213 651 1352 737 ipse
1382 650 1809 736 Augustinus,
1844 653 1960 717 sed
2004 675 2334 717 successor

184 742 330 805 eius
377 738 772 804 Laurentius
820 740 1241 805 consecrauit.

367 829 624 893 Primus
671 837 887 893 autem
934 827 1221 893 eiusdem
1252 829 1627 895 monasterii
1659 829 1860 894 abbas
1890 829 2124 895 Petrus
2154 853 2333 917 pres-

187 919 381 1005 byter
440 918 591 1003 fuit,
663 919 774 1003 qui
830 918 1086 1003 legatus
1132 914 1418 983 Galliam
1465 921 1699 983 missus
1746 916 2075 984 demersus
2123 930 2220 984 est
2265 922 2333 986 in

185 1010 332 1072 sinu
377 1007 594 1092 maris,
652 1008 761 1093 qui
805 1015 1076 1072 uocatur
1118 1005 1424 1090 Amfleat,
1474 1016 1540 1072 et
1585 1009 1669 1085 ab
1716 1010 1939 1074 incolis
1982 1010 2109 1074 loci
2154 1010 2334 1094 igno-

183 1096 303 1160 bili
349 1093 624 1161 traditus
671 1096 1066 1182 sepulturae:
1135 1096 1247 1161 sed
1303 1098 1708 1183 omnipotens
1757 1095 1913 1164 deus
1959 1107 2059 1182 ut,
2127 1099 2333 1185 qualis

185 1186 405 1250 meriti
451 1186 554 1250 uir
598 1185 820 1269 fuerit,
871 1184 1376 1265 demonstraret,
1432 1187 1607 1251 omni
1650 1196 1841 1252 nocte
1888 1209 2081 1273 supra
2126 1188 2334 1273 sepul-

185 1296 371 1340 crum
419 1276 556 1340 eius
601 1275 714 1339 lux
760 1276 1056 1340 caelestis
1102 1277 1431 1363 apparuit,
1499 1274 1703 1341 donec
1748 1276 2331 1341 animaduertentes

185 1364 406 1448 uicini,
456 1365 568 1448 qui
613 1361 944 1447 uidebant,
993 1374 1289 1430 sanctum
1335 1363 1534 1430 fuisse
1580 1367 1821 1450 uirum,
1870 1367 1980 1452 qui
2025 1366 2116 1430 ibi
2162 1374 2334 1430 esset

185 1452 506 1539 sepultus,
565 1461 632 1517 et
677 1455 1172 1539 inuestigantes,
1229 1453 1401 1518 unde
1444 1454 1552 1519 uel
1600 1457 1741 1540 quis
1790 1465 1987 1540 esset,
2054 1455 2333 1520 abstule-

183 1552 340 1607 runt
387 1564 623 1630 corpus
671 1550 736 1606 et
781 1545 848 1606 in
891 1542 1186 1608 Bononia
1233 1544 1495 1608 ciuitate
1551 1545 1733 1608 iuxta
1784 1543 2099 1610 honorem
2152 1553 2334 1609 tanto

184 1631 329 1696 uiro
377 1653 740 1716 congruum
783 1632 850 1696 in
897 1633 1168 1697 ecclesia
1211 1641 1584 1720 posuerunt.

1209 1864 1316 1928 34.

187 2020 270 2078 vt
294 2019 616 2076 Aedilfrid
640 2033 754 2076 rex
778 2021 1423 2091 Nordanhymbrorum
1448 2021 1802 2078 Scottorum
1841 2022 2050 2089 gentis
2089 2023 2333 2091 proelio

528 2110 856 2168 conterens
895 2111 971 2169 ab
1009 2109 1352 2181 Anglorum
1389 2111 1620 2169 finibus
1660 2109 2001 2181 expulerit.

366 2256 494 2321 His
555 2256 954 2343 temporibus
1018 2279 1221 2342 regno
1284 2256 1979 2343 Nordanhymbrorum
2048 2254 2332 2341 praefuit

183 2366 306 2410 rex
371 2345 761 2410 fortissimus
830 2355 895 2410 et
957 2346 1206 2430 gloriae
1273 2346 1727 2432 cupidissimus
1792 2342 2117 2409 Aedilfrid
2131 2393 2150 2427 ‚
2222 2345 2334 2429 qui

183 2435 334 2521 plus
412 2435 714 2499 omnibus
787 2434 1154 2521 Anglorum
1228 2437 1614 2521 primatibus
1705 2444 1965 2519 gentem
2056 2434 2338 2497 uastauit

186 2522 611 2607 Brettonum3
659 2526 753 2588 ita
797 2533 869 2588 ut
901 2522 1082 2589 Sauli
1129 2524 1457 2610 quondam
1500 2525 1643 2609 regi
1674 2524 2073 2589 Israeliticae
2121 2524 2338 2607 gentis

189 2610 666 2698 comparandus
741 2613 1105 2695 uideretur,
1185 2623 1457 2700 excepto
1534 2612 1872 2678 dumtaxat
1934 2611 2088 2695 hoc,
2168 2612 2340 2697 quod

189 2699 451 2768 diuinae
499 2711 640 2767 erat
683 2702 1016 2788 religionis
1070 2704 1354 2787 ignarus.
1447 2702 1658 2767 Nemo
1706 2704 1877 2767 enim
1924 2702 1991 2765 in
2036 2700 2335 2782 tribunis,

185 2812 379 2855 nemo
427 2792 496 2854 in
541 2790 806 2875 regibus
857 2792 1078 2878 plures
1135 2814 1358 2856 eorum
1418 2801 1659 2875 terras,
1727 2791 2171 2856 exterminatis
2231 2789 2339 2855 uel

189 2879 555 2964 subiugatis
598 2877 950 2965 indigenis,
1008 2888 1122 2945 aut
1165 2881 1541 2945 tributarias
1586 2883 1769 2965 genti
1812 2879 2179 2965 Anglorum
2225 2888 2337 2945 aut

187 2967 579 3033 habitabiles
626 2968 795 3034 fecit.
889 2966 1012 3033 Cui
1064 2970 1298 3033 merito
1352 2978 1606 3055 poterat
1661 2968 1851 3053 illud,
1920 2966 2090 3055 quod
2148 2968 2337 3033 bene-

189 3056 412 3123 dicens
489 3056 692 3121 filium
768 3058 1139 3144 patriarcha
1211 3060 1280 3123 in
1355 3081 1700 3145 personam
1766 3056 1981 3124 Saulis
2057 3057 2335 3139 dicebat,

189 3148 402 3233 aptari
427 3142 615 3231 (Gen.
647 3146 755 3228 49,
783 3144 925 3233 27):
975 3146 1338 3211 ‘Beniamin
1384 3148 1571 3234 lupus
1614 3170 1839 3235 rapax,
1888 3168 2077 3212 mane
2125 3167 2334 3209 come-

190 3235 300 3301 det
345 3233 661 3321 praedam
709 3244 775 3299 et
822 3257 1090 3323 uespere
1136 3234 1384 3301 diuidet
1428 3237 1672 3324 spolia’.

371 3321 562 3389 Vnde
614 3333 826 3388 motus
872 3326 1009 3389 eius
1063 3324 1465 3410 profectibus
1508 3324 1741 3390 Aedan
1782 3346 1901 3388 rex
1946 3321 2334 3405 Scottorum,

191 3414 304 3499 qui
334 3411 729 3478 Brittaniam
775 3414 1160 3497 inhabitant,
1206 3415 1387 3479 uenit
1433 3423 1656 3478 contra
1688 3436 1835 3479 eum
1869 3435 2015 3476 cum
2046 3414 2336 3477 inmenso

191 3525 270 3567 ac
314 3502 473 3567 forti
521 3503 841 3585 exercitu3
891 3503 1006 3568 sed
1051 3526 1199 3568 cum
1245 3505 1468 3590 paucis
1514 3502 1769 3585 aufugit
1814 3504 2044 3567 uictus.
2125 3497 2334 3586 Siqui-

191 3590 341 3655 dem
388 3594 455 3657 in
501 3592 644 3656 loco
693 3592 1139 3677 celeberrimo,
1210 3594 1319 3678 qui
1376 3592 1610 3657 dicitur
1654 3589 2055 3676 Degsastan,
2124 3587 2190 3652 id
2237 3599 2336 3653 est

189 3679 420 3766 Degsa
475 3680 668 3766 lapis,
737 3682 942 3746 omnis
998 3703 1161 3767 pene
1218 3683 1353 3746 eius
1402 3689 1499 3746 est
1546 3703 1770 3746 caesus
1825 3682 2163 3745 exercitus.
2256 3678 2335 3742 In

192 3790 321 3854 qua
367 3771 566 3834 etiam
614 3791 834 3856 pugna
882 3768 1265 3836 Theodbald
1312 3771 1514 3836 frater
1552 3767 1901 3834 Aedilfridi
1961 3792 2105 3834 cum
2164 3769 2337 3832 omni

191 3858 328 3942 illo,
361 3882 368 3887 ·
396 3879 594 3945 quem
640 3861 776 3944 ipse
829 3858 1137 3943 ducebat,
1209 3862 1497 3924 exercitu
1550 3868 1879 3947 peremtus
1936 3869 2051 3927 est.
2144 3852 2333 3933 Quod
