2723 4326
111 215 179 268 ΙΙ.
219 217 270 270 9.
2172 215 2254 278 79

111 393 230 458 sub
299 389 550 456 dicione
614 393 955 479 acceperit.
1049 390 1220 470 Quin
1269 401 1334 457 et
1380 391 1713 458 Meuanias
1758 393 2027 476 insulas,
2093 393 2258 456 616111

109 492 174 547 61
207 504 408 568 supra
440 479 791 564 docuimus,
838 483 1108 568 imperio
1141 481 1511 567 subiugauit
1542 480 1933 566 Anglorum:
1984 503 2257 568 quarum

106 571 322 658 prior,
387 592 551 657 quae
600 569 682 633 ad
727 569 1044 636 Austrum
1101 579 1198 634 est
1257 580 1320 634 et
1377 573 1500 635 situ
1565 571 1839 656 amplior
1885 579 1949 635 et
1994 572 2259 656 frugum

105 667 434 746 prouentu
479 669 673 744 atque
718 659 1015 724 ubertate
1060 659 1336 742 felicior,
1398 669 1872 745 nongentarum
1918 661 2258 743 sexaginta

104 748 506 814 familiarum
579 771 950 814 mensuram
1025 749 1208 812 iuxta
1282 750 1797 814 aestimationem
1868 746 2253 833 Anglorum,

105 838 396 904 secunda
442 846 881 904 trecentarum
930 846 994 901 et
1037 838 1207 901 ultra
1254 839 1533 923 spatium
1580 846 1775 903 tenet.

291 925 465 990 Huic
528 935 748 992 autem
811 929 992 1010 genti
1057 927 1306 990 occasio
1374 927 1497 991 fuit
1560 925 2012 1012 percipiendae
2080 925 2253 1010 fidei,

103 1015 285 1102 quod
345 1015 678 1102 praefatus
733 1038 854 1080 rex
910 1017 1044 1079 eius
1101 1017 1485 1100 cognatione
1537 1017 1791 1080 iunctus
1840 1025 1937 1080 est
1990 1015 2253 1098 regibus

105 1105 648 1184 Cantuariorum,
727 1113 998 1191 accepta
1064 1104 1132 1194 111
1199 1105 1541 1189 coniugem
1606 1102 2046 1188 Aedilbergae
2122 1103 2255 1168 filia

101 1193 515 1260 Aedilbercti
581 1195 788 1279 regie,
862 1215 1026 1278 quae
1093 1193 1217 1257 alio
1285 1196 1543 1258 nomine
1604 1193 1813 1259 Tatae
1879 1193 2251 1261 uocabatur.

99 1283 323 1348 Huius
372 1283 762 1347 consortium
813 1304 960 1346 cum
1005 1284 1215 1368 primo
1263 1284 1405 1369 ipse
1450 1284 1663 1348 missis
1708 1285 1921 1368 procis
1967 1305 2006 1346 a
2052 1283 2253 1347 fratre

102 1373 243 1438 eius
294 1368 702 1456 Aeodbaldo,
773 1372 883 1456 qui
927 1380 1082 1435 tunc
1127 1390 1328 1455 regno
1378 1369 1874 1438 Cantuariorum
1932 1380 2252 1457 praeerat,

100 1471 389 1547 peteret:
438 1482 818 1546 responsum
865 1469 963 1524 est
1007 1482 1136 1526 non
1183 1482 1323 1526 esse
1369 1461 1616 1525 licitum
1652 1459 2083 1526 Christianam
2128 1461 2255 1524 uir-

100 1553 330 1636 ginem
377 1571 635 1636 pagano
679 1550 749 1614 in
795 1550 1132 1634 coniugem
1181 1546 1347 1634 dari,
1408 1573 1491 1614 ne
1538 1549 1697 1614 fides
1744 1559 1809 1614 et
1854 1559 2257 1616 sacramenta

102 1640 406 1704 caelestis
455 1639 630 1724 regis
678 1638 995 1702 consortio
1039 1639 1536 1724 profanarentur
1580 1641 1779 1722 regie,
1828 1640 1940 1724 qui
1977 1640 2116 1702 ueri
2149 1638 2255 1702 dei

105 1730 322 1793 cultus
369 1737 538 1792 esset
584 1749 844 1812 prorsus
899 1728 1182 1812 ignarus,
1277 1725 1463 1804 Quae
1511 1750 1655 1792 611111
1704 1726 1999 1792 Aeduino
2055 1726 2255 1793 uerba

105 1818 326 1882 nuntii
389 1815 734 1900 referrent,
801 1817 1096 1902 promisit
1142 1837 1210 1880 se
1265 1817 1356 1880 nil
1422 1815 1799 1881 omnimodis
1866 1817 2255 1881 contrarium

108 1904 528 1971 Christianae
588 1903 769 1988 fidei,
843 1926 1036 1990 quam
1093 1907 1282 1989 uirgo
1343 1904 1621 1988 colebat,
1695 1927 1835 1970 esse
1904 1905 2251 1971 facturum:

109 1998 276 2080 quin
321 1995 536 2081 potius
589 1995 1079 2081 permissurum,
1135 2003 1206 2057 ut
1251 1991 1446 2058 fidem
1494 1993 1861 2079 cultumque
1908 2016 2061 2058 suae
2108 1994 2250 2058 reli-

103 2085 324 2170 gionis
393 2106 540 2148 cum
609 2083 934 2168 omnibuS,
1003 2084 1112 2169 qui
1181 2105 1399 2146 secum
1468 2085 1823 2167 uenissent,
1894 2083 2048 2146 uiris
2115 2085 2251 2148 siue

102 2173 389 2257 feminiS,
449 2172 892 2238 sacerdotibus
954 2195 1066 2238 seu
1105 2174 1435 2257 ministriS,
1486 2196 1664 2237 more
1712 2170 2077 2237 Christiano
2124 2194 2251 2237 ser-

99 2272 315 2330 uaret.
375 2259 606 2349 Neque
651 2262 1002 2347 abnegauit
1032 2284 1100 2326 se
1135 2263 1334 2327 etiam
1384 2261 1652 2327 eandem
1703 2261 2064 2326 subiturum
2111 2284 2251 2327 esse

98 2353 519 2437 religionem3
583 2352 637 2416 si
697 2361 913 2415 tamen
975 2352 1342 2415 examinata
1395 2374 1436 2415 a
1492 2350 1913 2437 prudentibus
1974 2353 2252 2416 sanctior

95 2464 174 2506 ac
223 2442 350 2506 deo
399 2439 654 2523 dignior
699 2449 917 2527 posset
960 2441 1260 2507 inueniri.

289 2528 524 2615 Itaque
569 2530 969 2616 promittitur
1015 2531 1202 2611 uirgo
1249 2538 1445 2615 atque
1491 2526 1789 2594 Aeduino
1836 2529 2137 2609 mittitur,
2188 2535 2253 2592 et

89 2620 286 2684 iuxta
333 2616 504 2704 quod
550 2617 930 2705 dispositum
974 2619 1205 2702 fuerat,
1257 2618 1590 2685 ordinatur
1629 2620 1968 2704 episcopus
1999 2618 2100 2681 uir
2132 2616 2251 2681 deo

94 2706 378 2773 dilectus
409 2707 734 2791 Paulinus,
786 2710 896 2793 qui
929 2729 1078 2771 cum
1107 2707 1217 2771 illa
1261 2710 1532 2791 ueniret,
1581 2728 1854 2793 eamque
1887 2715 1951 2770 et
1984 2707 2252 2771 comites

97 2800 239 2862 eius
255 2848 277 2882 ,
349 2818 434 2861 ne
477 2818 878 2883 paganorum
942 2805 1207 2884 possent
1267 2798 1576 2861 societate
1635 2796 1862 2881 pollui,
1934 2796 2253 2861 cotidiana

100 2885 560 2951 exhortatione
617 2896 682 2950 61
750 2894 1299 2951 sacramentorum
1374 2886 1746 2950 caelestium
1824 2884 2254 2950 celebratione

100 2972 538 3043 confirmaret.

289 3060 644 3129 Ordinatus
725 3072 824 3129 est
904 3071 1122 3127 autem
1191 3062 1494 3127 Paulinus
1572 3064 1908 3148 episcopus
1973 3084 2013 3125 a
2074 3061 2253 3126 Iusto

101 3152 612 3239 archiepiscopo,
647 3153 766 3217 sub
791 3151 894 3217 die
920 3150 1299 3217 duodecima
1321 3151 1765 3216 Kalendarum
1785 3151 2249 3235 Augustarum,

101 3264 276 3307 anno
323 3242 409 3307 ab
455 3241 892 3306 incarnatione
940 3239 1180 3306 domini
1209 3238 1617 3307 DC⁰XXV⁰:
1670 3251 1734 3305 et
1766 3242 1858 3305 616
1890 3261 2035 3304 611111
2068 3261 2252 3325 prae-

98 3331 240 3395 fata
301 3330 558 3415 uirgine
617 3328 704 3395 ad
761 3352 987 3415 regem
1030 3328 1399 3395 Aeduinum
1460 3330 1643 3415 quasi
1708 3351 1923 3393 comes
1984 3329 2252 3414 copulae

103 3420 388 3485 carnalis
445 3417 725 3483 aduenit.
821 3415 952 3485 Sed
995 3420 1134 3505 ipse
1181 3420 1393 3504 potius
1439 3427 1575 3483 toto
1621 3419 1833 3482 animo
1890 3416 2246 3499 intendens,

102 3519 174 3574 111
223 3517 518 3595 gentem,
590 3529 785 3593 quam
833 3508 1084 3590 adibat,
1145 3507 1228 3572 ad
1274 3508 1669 3591 agnitionem
1714 3507 2006 3572 ueritatis
2052 3504 2247 3571 aduo-

106 3620 294 3683 011116,
361 3597 544 3662 iuxta
607 3619 834 3662 uocem
903 3597 1178 3684 apostoli
1238 3592 1358 3682 (ΙΙ.
1414 3594 1553 3662 Cor.
1607 3597 1708 3681 11,
1760 3593 1862 3683 2),
1930 3597 2043 3659 uni
2108 3596 2249 3660 uiro
2304 3642 2307 3645 -

105 3709 344 3776 sponso
403 3686 725 3772 uirginem
785 3695 1028 3751 castam
1089 3685 1423 3751 exhiberet
1468 3683 1744 3752 Christo.
1839 3684 2132 3771 Cumque
2184 3686 2251 3749 in

104 3776 510 3863 prouinciam
573 3776 889 3860 uenisset,
955 3774 1272 3840 laborauit
1337 3774 1638 3856 multum,
1705 3783 1776 3838 ut
1823 3784 1889 3841 et
1934 3797 2072 3858 eos,
2141 3776 2275 3861 qui-

105 3887 331 3931 secum
375 3873 714 3949 uenerant,
771 3886 853 3931 ne
898 3887 937 3927 a
980 3862 1107 3928 fide
1155 3862 1534 3948 deficerent,
1599 3862 1853 3928 domino
1900 3861 2247 3929 adiuuante
