2723 4326
394 173 529 235 202
2277 172 2408 225 1111.
2451 172 2554 226 22.

396 346 505 411 die
550 346 657 411 illo
703 356 767 411 et
812 356 1000 412 nocte
1046 348 1339 433 sequenti
1377 348 1546 411 inter
1575 345 1890 413 cadauera
1921 349 2276 413 occisorum
2307 348 2554 412 similis

396 444 651 501 mortuo
696 438 957 520 iaceret,
1003 434 1263 499 tandem
1293 446 1552 523 recepto
1583 438 1816 523 spiritu
1844 439 2101 520 reuixit,
2133 458 2212 501 ac
2241 437 2551 501 residens

394 547 518 590 sua
560 526 849 610 uulnera,
895 534 1087 612 prout
1133 526 1364 612 potuit,
1429 528 1569 611 ipse
1613 526 1944 610 alligauit:
2002 524 2148 591 dein
2207 524 2552 591 modicum

398 616 727 701 requietus
772 614 1014 679 leuauit
1058 636 1126 678 se
1172 623 1236 679 et
1282 616 1496 700 coepit
1543 615 1721 680 abire
1735 664 1752 697 ,
1822 615 2029 680 sicubi
2073 617 2318 681 amicos
2329 664 2349 699 ,
2425 617 2552 701 qui

400 706 498 767 sui
544 725 766 768 curam
810 712 1077 788 agerent
1096 751 1114 785 ,
1163 714 1381 789 posset
1425 705 1736 769 inuenire.
1827 701 2019 783 Quod
2064 702 2218 769 dum
2261 705 2550 784 faceret,

394 794 699 857 inuentus
759 802 858 857 est
916 802 981 858 et
1042 801 1268 879 captus
1325 814 1367 856 a
1419 794 1576 857 uiris
1634 793 1882 859 hostilis
1941 794 2279 877 exercitus,
2337 802 2409 858 et
2455 793 2550 857 ad

396 880 727 946 dominum
771 884 1078 969 ipsorum,
1128 883 1426 946 comitem
1474 879 1774 948 uidelicet
1803 880 2139 948 Aedilredi
2180 883 2376 967 regis,
2430 882 2550 945 ad-

392 968 660 1036 ductus:
709 993 750 1036 a
796 992 921 1056 quo
967 972 1422 1054 interrogatus,
1471 971 1613 1056 quis
1661 980 1849 1055 esset,
1897 972 2114 1035 timuit
2143 994 2214 1036 se
2259 971 2550 1035 militem

400 1059 601 1125 fuisse
648 1058 971 1143 confiteri3
1037 1060 1350 1124 rusticum
1411 1081 1478 1123 se
1521 1061 1738 1146 potius
1786 1069 1850 1125 et
1895 1083 2286 1147 pauperem,
2335 1069 2550 1146 atque

396 1170 641 1213 uxoreo
700 1148 955 1213 uinculo
1016 1147 1408 1232 conligatum
1471 1147 1670 1213 fuisse
1713 1149 2073 1234 respondit3
2139 1158 2207 1214 et
2266 1157 2550 1235 propter

396 1240 641 1303 uictum
689 1236 998 1301 militibus
1043 1235 1464 1302 adferendum
1510 1238 1578 1300 in
1617 1237 2111 1343 expeditionem
2120 1260 2192 1303 se
2223 1260 2372 1303 cum
2407 1240 2549 1302 suis

392 1326 716 1391 similibus
770 1327 1022 1391 uenisse
1075 1334 1347 1391 testatus
1407 1335 1524 1390 est.
1629 1326 1724 1391 At
1774 1327 1882 1392 ille
1946 1328 2298 1414 suscipiens
2366 1350 2543 1411 eum,

403 1437 626 1479 curam
670 1413 1042 1479 uulneribus
1107 1416 1275 1499 egit3
1342 1423 1408 1479 et
1468 1415 1582 1479 ubi
1635 1438 1973 1481 sanescere
2029 1417 2273 1503 coepit,
2337 1424 2548 1480 noctu

396 1525 570 1587 eum,
616 1524 698 1567 ne
744 1502 1116 1588 aufugeret,
1162 1504 1394 1567 uinciri
1439 1506 1787 1592 praecepit.
1878 1502 1945 1567 N
1948 1527 2022 1569 ec
2049 1514 2270 1570 tamen
2309 1505 2548 1569 uinciri

396 1594 643 1679 potuit3
689 1614 838 1658 nam
884 1614 1055 1676 mox,
1103 1601 1175 1656 ut
1228 1592 1450 1658 abiere
1466 1643 1486 1677 ,
1549 1595 1660 1679 qui
1703 1594 2065 1677 uinxerant,
2124 1593 2349 1659 eadem
2400 1594 2546 1657 eius

394 1690 550 1746 sunt
594 1681 855 1745 uincula
899 1682 1124 1747 soluta.

576 1770 886 1837 Habebat
947 1772 1118 1836 enim
1162 1791 1547 1855 germanum
1601 1770 1892 1854 fratrem,
1956 1771 2059 1836 cui
2115 1792 2351 1836 nomen
2399 1779 2546 1835 erat

398 1860 671 1943 Tunna,
733 1860 1183 1947 presbyterum
1248 1870 1314 1925 et
1369 1859 1673 1924 abbatem
1719 1860 2091 1925 monasterii
2137 1862 2204 1924 in
2249 1860 2540 1942 ciuitate,

396 1970 570 2033 quae
600 1948 912 2014 hactenus
943 1949 1027 2014 ab
1060 1950 1195 2013 eius
1225 1950 1482 2013 nomine
1509 1946 1982 2014 Tunnacaestir
2013 1951 2542 2033 cognominatur:

398 2039 517 2123 qui
563 2060 708 2103 cum
757 2060 902 2103 eum
934 2039 1001 2102 in
1031 2059 1251 2141 pugna
1281 2045 1642 2123 peremtum
1674 2036 1946 2122 audiret,
1992 2040 2174 2103 uenit
2203 2060 2540 2124 quaerere,

398 2128 459 2192 si
506 2125 674 2193 forte
722 2148 953 2232 corpus
1001 2128 1135 2192 eius
1181 2128 1470 2192 inuenire
1515 2136 1763 2213 posset,
1824 2128 2286 2214 inuentumque
2339 2127 2543 2192 alium

402 2217 495 2281 illi
538 2239 660 2304 per
702 2218 915 2282 omnia
960 2217 1375 2300 simillimum,
1421 2218 1674 2302 putauit
1715 2218 1928 2304 ipsum
1975 2239 2147 2282 esse:
2217 2238 2412 2303 quem
2455 2215 2544 2280 ad

399 2307 867 2372 monasterium
922 2326 1108 2369 suum
1166 2305 1489 2388 deferens,
1552 2304 1903 2371 honorifice
1947 2305 2246 2392 sepeliuit
2305 2313 2371 2370 et
2415 2327 2538 2392 pro

396 2395 805 2461 absolutione
868 2396 1123 2460 animae
1183 2397 1319 2459 eius
1376 2396 1630 2481 saepius
1685 2396 1911 2459 missas
1977 2394 2194 2460 facere
2263 2395 2538 2459 curauit.

394 2482 693 2563 Quarum
742 2483 1169 2548 celebratione
1214 2483 1457 2548 factum
1505 2492 1623 2567 est,
1656 2482 1828 2569 quod
1859 2482 2012 2568 dixi,
2045 2492 2118 2548 ut
2147 2482 2357 2548 nullus
2389 2504 2539 2548 eum

402 2582 621 2660 posset
666 2573 940 2656 uincire,
986 2573 1139 2658 quin
1186 2575 1484 2637 continuo
1530 2572 1903 2638 solueretur.
1995 2571 2256 2638 Interea
2301 2593 2538 2655 comes,

397 2664 516 2748 qui
561 2683 710 2728 eum
754 2661 1033 2740 tenebat,
1068 2662 1289 2725 mirari
1320 2671 1386 2727 et
1415 2663 1821 2744 interrogare
1852 2661 2083 2748 coepit,
2117 2683 2316 2747 quare
2345 2661 2539 2746 ligari

404 2774 531 2815 non
562 2761 795 2837 posset,
845 2773 928 2815 an
959 2750 1126 2815 forte
1156 2749 1402 2815 litteras
1435 2750 1790 2835 solutorias,
1838 2750 1919 2816 de
1950 2749 2247 2837 qualibus
2277 2749 2537 2815 fabulae

394 2841 640 2923 ferunt,
690 2839 861 2926 apud
907 2862 977 2904 se
1023 2838 1329 2923 haberet,
1377 2849 1640 2926 propter
1687 2861 1846 2942 quas
1890 2839 2079 2924 ligari
2124 2861 2256 2904 non
2299 2849 2536 2925 posset.

394 2927 497 2993 At
542 2929 647 2992 ille
694 2927 1025 3014 respondit
1069 2929 1160 2993 nil
1208 2951 1276 2992 se
1323 2929 1548 2992 talium
1592 2931 1832 2993 artium
1877 2950 2096 3012 nosse3
2147 2925 2302 2994 ‘Sed
2328 2927 2534 2992 habeo

395 3017 695 3082 fratrem’
757 3018 968 3104 inquit
1014 3017 1487 3105 ‘presbyterum
1532 3017 1601 3081 in
1645 3038 1792 3082 mea
1833 3017 2169 3104 prouincia
2186 3067 2204 3100 ,
2267 3025 2334 3082 et
2381 3017 2530 3100 scio,

394 3108 556 3193 quia
599 3107 707 3171 ille
751 3128 856 3171 me
909 3108 1323 3171 interfectum
1378 3115 1608 3193 putans
1671 3128 1791 3193 pro
1837 3129 1944 3172 me
1988 3107 2216 3171 missas
2277 3105 2534 3170 crebras

394 3198 593 3262 facit·
645 3205 709 3261 et
757 3197 811 3260 si
855 3217 1026 3260 nunc
1071 3197 1138 3260 in
1184 3195 1311 3260 alia
1353 3198 1492 3260 uita
1537 3217 1773 3279 essem,
1829 3195 1919 3259 ibi
1965 3197 2180 3259 anima
2226 3217 2373 3259 mea
2415 3216 2533 3280 per

397 3286 892 3351 intercessiones
962 3286 1096 3350 eius
1166 3284 1525 3350 solueretur
1592 3307 1632 3348 a
1698 3285 1963 3371 poenis.'
2061 3284 2369 3368 Dumque
2423 3283 2533 3347 ali-

396 3385 639 3460 quanto
684 3383 978 3460 tempore
1010 3373 1180 3461 apud
1212 3375 1513 3439 comitem
1543 3381 1890 3455 teneretur,
1921 3370 2531 3456 animaduerterunt,

393 3465 513 3550 qui
556 3485 707 3529 eum
752 3461 1125 3548 diligentius
1170 3460 1683 3547 considerabant,
1745 3484 1829 3527 ex
1869 3460 2055 3526 uultu
2100 3470 2166 3526 et
2207 3460 2432 3526 habitu
2468 3471 2534 3526 et

395 3553 808 3618 sermonibus
856 3553 1019 3636 eius,
1090 3553 1241 3638 quia
1293 3572 1424 3617 non
1487 3559 1625 3616 erat
1684 3551 1764 3616 de
1822 3572 2107 3638 paupere
2163 3549 2397 3634 uulgo,
2464 3561 2532 3615 ut

399 3639 677 3725 dixerat,
725 3638 842 3706 sed
887 3640 967 3705 de
1013 3640 1354 3708 nobilibus,
1452 3638 1639 3705 Tunc
1695 3647 1944 3705 secreto
2003 3638 2327 3704 aduocans
2389 3661 2531 3704 eum

400 3751 640 3813 comes,
686 3731 1117 3814 interrogauit
1164 3751 1312 3794 eum
1357 3730 1682 3813 intentius,
1732 3728 1900 3793 unde
1931 3737 2120 3812 esset,
2152 3728 2530 3815 promittens

404 3838 476 3880 se
518 3816 678 3880 nihil
725 3819 786 3881 ei
829 3818 982 3882 mali
1027 3817 1352 3883 facturum
1398 3840 1514 3905 pro
1563 3840 1658 3900 eo,
1705 3819 1759 3881 si
1799 3817 2173 3903 simpliciter
2203 3816 2348 3899 sibi,
2396 3819 2530 3903 quis
