2723 4326
117 221 164 274 Ι,
205 221 367 276 7-8.
2180 223 2260 286 15

121 419 353 461 omnes
413 406 840 483 agnoscerent
895 399 1087 462 etiam
1145 406 1502 463 torrentem
1560 401 1832 486 martyri
1887 400 2263 485 obsequium

119 487 460 552 detulisse:
529 507 736 572 neque
799 487 970 550 enim
1022 486 1162 550 fieri
1207 497 1489 573 poterat,
1548 496 1620 550 ut
1664 490 1731 553 in
1776 488 1977 553 arduo
2024 491 2263 555 montis

119 576 463 641 cacumine
508 585 760 662 martyr
804 597 1071 660 aquam,
1131 597 1325 660 quam
1372 578 1439 641 in
1483 574 1677 640 fluuio
1723 598 1851 640 non
1897 578 2262 664 reliquerat,

115 674 403 751 peteret,
453 665 506 728 si
551 662 675 727 hoc
706 677 1090 750 oportunum
1125 687 1266 729 esse
1295 686 1425 728 non
1454 664 1723 730 uideret.
1803 664 1936 744 Qui
1962 667 2265 732 uidelicet

116 755 363 818 fluuius
399 754 791 818 ‘ministerio
860 754 1211 840 persoluto,
1283 753 1624 819 deuotione
1684 756 2005 842 completa
2069 754 2267 821 officii

116 843 568 908 testimonium
628 843 1024 928 relinquens,
1088 865 1385 908 reuersus
1446 851 1546 907 est
1598 841 1680 908 ad
1725 854 2040 909 naturam.
2134 845 2265 911 De-

119 933 396 998 collatus
442 933 660 1016 itaque
707 941 956 1016 martyr
986 931 1372 996 fortissimus
1405 929 1649 996 ibidem
1679 935 1930 1019 accepit
1963 955 2265 999 coronam

118 1024 329 1100 uitae,
390 1043 583 1107 quam
640 1022 1010 1107 repromisit
1064 1018 1222 1086 deus
1281 1020 1695 1105 diligentibus
1756 1045 1845 1088 se.
1939 1021 2072 1089 Sed
2135 1022 2264 1108 ille,

123 1113 234 1196 qui
284 1111 411 1198 piis
459 1110 816 1175 ceruicibus
862 1111 1092 1197 impias
1139 1110 1354 1175 intulit
1408 1132 1636 1175 manus
1644 1161 1661 1195 ,
1726 1109 2011 1196 gaudere
2072 1134 2267 1199 super

119 1211 455 1264 mortuum
501 1221 630 1263 non
675 1209 773 1264 est
817 1200 1199 1285 permissus:
1248 1222 1529 1285 namque
1560 1201 1727 1264 oculi
1759 1203 1895 1265 eius
1928 1203 1991 1264 in
2024 1211 2267 1267 terram

121 1311 256 1353 una
303 1310 451 1352 cum
498 1288 674 1352 beati
717 1290 1025 1375 martyris
1072 1289 1285 1374 capite
1329 1287 1728 1354 deciderunt.

306 1377 685 1442 Decollatus
747 1387 847 1442 est
905 1376 997 1441 ibi
1057 1386 1197 1440 tum
1246 1373 1442 1443 etiam
1487 1377 1671 1443 miles
1717 1378 1851 1463 ille,
1918 1381 2027 1464 qui
2072 1390 2267 1445 antea

125 1488 405 1554 superno
464 1476 624 1531 nutu
684 1475 1018 1553 correptus
1083 1476 1377 1532 sanctum
1439 1467 1544 1532 dei
1589 1468 2019 1534 confessorem
2073 1469 2267 1533 ferire

122 1556 480 1621 recusauit:
531 1554 610 1620 de
642 1578 768 1641 quo
798 1557 1101 1620 nimirum
1133 1564 1405 1638 constat,
1456 1558 1627 1642 quia,
1663 1559 1785 1622 etsi
1816 1558 1995 1622 fonte
2027 1558 2264 1644 baptis·

123 1647 320 1710 matis
374 1666 502 1708 non
548 1655 644 1709 est
689 1645 973 1728 ablutus,
1035 1645 1133 1708 sui
1191 1654 1412 1710 tamen
1465 1655 1562 1710 est
1622 1649 1951 1732 sanguinis
2006 1646 2263 1711 lauacro

122 1732 472 1798 mundatus
532 1757 609 1798 ac
662 1736 849 1818 regni
903 1733 1193 1799 caelestis
1239 1732 1473 1820 dignus
1531 1734 1740 1800 factus
1788 1746 1886 1800 est
1947 1738 2263 1820 ingressu.

126 1823 304 1886 Tum
357 1824 555 1889 iudex
607 1831 789 1888 tanta
842 1822 1299 1887 miraculorum
1356 1823 1728 1889 caelestium
1781 1827 2070 1889 nouitate
2125 1846 2266 1911 per·

126 1912 370 1996 culsus,
441 1915 678 1977 cessari
736 1935 889 1977 mox
943 1935 984 1977 a
1036 1914 1482 1999 persecutione
1528 1916 1886 2000 praecepit,
1954 1914 2265 1980 honorem

125 2002 374 2066 referre
426 2002 734 2088 incipiens
791 2001 973 2066 caedi
1030 2011 1423 2079 sanctorum,
1486 2024 1603 2088 per
1650 2024 1845 2088 quam
1892 2025 2000 2068 eos
2048 2005 2267 2090 opina·
2356 2043 2361 2047 -

125 2091 319 2156 batur
376 2093 553 2177 prius
601 2113 638 2155 a
685 2089 1092 2156 Christianae
1149 2090 1298 2156 fidei
1352 2114 1541 2178 posse
1597 2091 1938 2157 deuotione
1986 2114 2261 2158 cessare.

131 2181 373 2245 Passus
419 2190 518 2245 est
563 2174 805 2245 autem*
829 2181 1056 2245 beatus
1090 2180 1381 2246 Albanus
1412 2182 1515 2247 die
1546 2180 1793 2247 decimo
1824 2181 2266 2247 Kalendarum

127 2268 439 2334 Iuliarum
485 2271 668 2333 iuxta
701 2271 1030 2335 ciuitatem
1062 2269 1523 2355 Verolamium,
1574 2293 1739 2357 quae
1784 2293 1953 2336 nunc
1992 2295 2029 2335 a
2069 2281 2265 2356 gente

128 2360 496 2445 Anglorum
520 2358 1062 2423 verlamacaestir
1097 2361 1232 2423 siue
1264 2360 1853 2445 Vaetlingacaestir
1883 2360 2263 2448 appellatur,

129 2448 236 2512 ubi
281 2457 528 2535 postea,
577 2446 892 2513 redeunte
940 2448 1847 2533 temporum-Christianorum
1894 2452 2260 2535 serenitate,

129 2537 400 2601 ecclesia
448 2547 544 2602 est
591 2537 863 2602 mirandi
909 2539 1121 2623 operis
1167 2548 1364 2624 atque
1412 2540 1546 2603 eius
1592 2540 1905 2624 martyrio
1947 2537 2263 2625 condigna

131 2635 476 2707 exstructa.
570 2626 650 2691 In
711 2648 835 2713 quo
897 2625 1199 2691 uidelicet
1262 2628 1403 2691 loco
1461 2650 1665 2715 usque
1738 2626 1820 2692 ad
1884 2627 2049 2693 hanc
2095 2629 2263 2694 diem

131 2718 375 2781 curatio
420 2713 822 2781 infirmorum
870 2726 937 2779 et
966 2715 1403 2801 frequentium
1435 2718 1721 2803 operatio
1754 2719 2064 2782 uirtutum
2101 2719 2263 2783 cele-

130 2805 304 2871 brari
351 2826 481 2869 non
526 2802 778 2869 desinit.

303 2895 493 2959 Passi
541 2903 687 2958 sunt
734 2916 813 2959 ea
855 2903 1245 2981 tempestate
1275 2893 1499 2959 Aaron
1546 2904 1611 2959 et
1655 2894 1857 2959 Iulius
1898 2896 2263 2980 Legionum

133 2984 304 3048 urbis
355 2986 532 3048 ciues
579 2983 817 3070 aliique
863 2986 1194 3070 utriusque
1241 3006 1432 3048 sexus
1479 2984 1747 3049 diuersis
1807 2986 1874 3049 in
1918 2986 2075 3049 locis
2123 3009 2263 3072 per-

132 3073 375 3157 plureS,
441 3074 553 3158 qui
607 3071 876 3137 diuersis
932 3072 1322 3138 cruciatibus
1380 3075 1535 3137 torti
1598 3084 1665 3138 et
1721 3073 2010 3138 inaudita
2066 3098 2263 3139 mem-

133 3162 394 3227 brorum
440 3163 870 3249 discerptione
915 3162 1181 3227 lacerati
1226 3162 1474 3227 animas
1518 3160 1597 3225 ad
1631 3185 1949 3249 supernae
1980 3164 2263 3227 ciuitatis

135 3250 367 3335 gaudia
414 3251 704 3337 perfecto
751 3274 959 3335 agone
1006 3254 1337 3315 miserunt.

1165 3449 1225 3513 8.

138 3584 230 3654 Vt,
268 3588 386 3642 hac
414 3566 695 3643 cessante
719 3587 1173 3659 persecutione,
1212 3586 1479 3643 ecclesia
1512 3585 1576 3641 ln
1603 3587 1944 3643 Brittaniis
1982 3587 2261 3657 aliquan·

141 3656 328 3713 tulam
366 3672 561 3727 usque
600 3659 677 3713 ad
714 3659 993 3728 tempora
1029 3658 1331 3714 Arrianae
1369 3658 1659 3714 uesaniae
1696 3673 1906 3727 pacem
1942 3660 2259 3716 habuerit.

306 3783 397 3849 At
442 3783 553 3848 ubi
597 3785 789 3848 turbo
835 3785 1298 3870 persecutionis
1347 3785 1617 3870 quieuit,
1663 3788 1991 3872 progressi
2036 3788 2101 3851 in
2148 3809 2262 3872 pu·

140 3868 366 3937 blicum
425 3871 645 3939 fideles
693 3871 961 3957 Christi,
1029 3875 1139 3961 qui
1199 3896 1268 3938 se
1314 3884 1606 3960 tempore
1654 3875 2036 3939 discriminis
2085 3874 2261 3940 siluis
