2723 4326
153 224 237 278 III.
277 226 326 279 2.
2160 224 2287 289 105

153 400 596 488 suscepimus.'
654 400 978 467 Fecerunt
1001 424 1242 485 omnes,
1292 408 1365 465 ut
1393 400 1685 485 iusserat,
1721 409 1786 465 et
1818 401 1911 465 sic
1938 402 2289 489 incipiente

156 490 430 555 diluculo
476 492 548 555 in
593 490 841 556 hostem
899 492 1256 578 progressi,
1321 492 1504 555 iuxta
1560 491 1868 555 meritum
1926 512 2080 555 suae
2138 491 2290 557 fidei

153 581 421 645 uictoria
479 581 670 668 potiti
737 589 903 646 sunt.
994 580 1073 646 In
1121 580 1300 645 cuius
1343 581 1488 644 loco
1550 581 1857 644 orationis
1912 580 2288 648 innumerae

151 671 421 734 uirtutes
483 670 831 734 sanitatum
887 679 1238 734 noscuntur
1285 690 1425 733 esse
1469 676 1794 754 patratae,
1852 667 1937 733 ad
1982 668 2287 735 indicium

150 758 450 824 uidelicet
495 780 572 822 ac
617 761 994 823 memoriam
1040 757 1190 823 fidei
1234 759 1427 842 regis.
1520 754 1694 822 Nam
1740 766 1804 821 et
1850 779 2053 844 usque
2097 758 2289 824 hodie

149 848 334 913 multi
379 847 461 912 de
506 849 647 933 ipso
691 848 869 932 ligno
915 856 1360 913 sacrosanctae
1420 849 1627 912 crucis
1688 846 1929 912 astulas
1988 846 2287 913 excidere

149 937 386 1019 solent,
454 958 613 1022 quas
671 958 820 1002 cum
880 938 948 1001 in
1012 960 1210 1024 aquas
1273 938 1570 1001 miserint
1629 936 1847 1023 eisque
1907 936 2287 1022 languentes

148 1024 435 1091 homines
501 1035 612 1090 aut
674 1024 958 1112 pecudes
1016 1027 1386 1113 potauerint
1445 1028 1581 1090 siue
1647 1027 2066 1113 asperserint,
2136 1049 2289 1091 mox

149 1116 409 1180 sanitati
451 1117 897 1181 restituuntur.

320 1204 614 1269 Vocatur
657 1204 834 1269 locus
878 1204 987 1270 ille
1017 1204 1242 1288 lingua
1271 1202 1635 1288 Anglorum
1666 1202 2068 1289 Hefenfelth,
2116 1202 2286 1289 quod

147 1293 270 1358 dici
333 1301 551 1378 potest
595 1291 830 1358 Latine
889 1292 1181 1359 caelestis
1242 1314 1536 1380 campus,
1598 1292 1769 1377 quod
1827 1302 2005 1357 certo
2062 1296 2286 1379 utique

146 1383 486 1469 praesagio
532 1382 894 1447 futurorum
925 1383 1276 1468 antiquitus
1305 1402 1542 1446 nomen
1587 1382 1865 1470 accepit:
1914 1379 2284 1467 significans

145 1472 469 1553 mmirum‚
518 1471 690 1557 quod
713 1470 954 1537 ibidem
1000 1471 1279 1537 caeleste
1325 1468 1707 1556 erigendum
1752 1481 2108 1558 tropaeum,
2142 1495 2285 1538 cae-

22 1624 24 1644 i
144 1560 321 1625 lestis
365 1559 728 1626 inchoanda
772 1562 1067 1646 uictoria,
1114 1559 1418 1626 caelestia
1457 1580 1659 1645 usque
1683 1558 1871 1625 hodie
1917 1562 2131 1625 forent
2165 1563 2287 1625 mi-

22 1664 24 1671 ·
144 1651 365 1714 racula
422 1648 830 1715 celebranda.
921 1649 1044 1715 Est
1087 1658 1309 1715 autem
1352 1649 1529 1713 locus
1575 1650 1759 1714 iuxta
1804 1671 2058 1714 murum
2103 1650 2288 1715 illum

145 1736 224 1803 ad
257 1738 668 1825 Aquilonem,
717 1761 844 1825 quo
877 1738 1152 1804 Romani
1197 1738 1522 1825 quondam
1571 1738 1652 1802 ob
1699 1738 2012 1803 arcendos
2058 1739 2287 1803 barba-

22 1846 24 1885 ῑ
145 1849 363 1892 rorum
411 1830 691 1914 impetus
739 1836 942 1894 totam
990 1851 1029 1892 a
1073 1831 1240 1892 mari
1284 1826 1371 1892 ad
1416 1848 1596 1892 mare
1642 1828 2064 1913 praecinxere
2112 1825 2283 1892 Brit-

145 1917 416 2001 taniam,
483 1926 554 1981 ut
611 1938 808 2003 supra
862 1915 1211 1983 docuimus.
1303 1916 1385 1981 In
1432 1938 1559 2002 quo
1603 1915 1907 1981 uidelicet
1952 1916 2095 1981 loco
2142 1940 2287 1982 con-

145 2003 548 2071 suetudinem
609 2006 812 2071 multo
869 2008 1000 2072 iam
1057 2016 1346 2093 tempore
1412 2005 1701 2071 fecerant
1766 2006 1999 2070 fratres
2060 2006 2288 2092 Hagn-

145 2093 484 2160 staldensis
549 2094 888 2181 ecclesiae,
950 2117 1114 2184 quae
1159 2117 1288 2159 non
1341 2095 1534 2181 longe
1593 2094 1803 2179 abest,
1865 2092 2282 2161 aduenientes

143 2186 316 2250 omni
362 2206 532 2249 anno
559 2183 784 2272 'pridie
832 2207 1025 2271 quam
1072 2195 1295 2272 postea
1338 2185 1509 2249 idem
1564 2206 1683 2248 rex
1729 2183 1977 2250 Osuald
2033 2188 2279 2250 occisus

24 2311 26 2366 3
143 2282 265 2359 est,
330 2273 588 2358 uigilias
648 2297 765 2362 pro
823 2275 1031 2340 salute
1090 2275 1342 2339 animae
1389 2274 1527 2338 eius
1572 2273 1813 2353 facere,
1876 2273 2279 2360 plurimaque

140 2363 537 2448 psalmorum
582 2361 772 2427 laude
820 2364 1164 2447 celebrata,
1213 2364 1546 2428 uictimam
1577 2385 1695 2450 pro
1728 2385 1803 2428 eo
1835 2385 2025 2428 mane
2057 2385 2279 2428 sacrae

24 2507 26 2540 5
137 2451 479 2517 oblationis
533 2453 784 2518 offerre.
881 2450 1010 2530 Qui
1069 2454 1266 2518 etiam
1322 2463 1652 2517 crescente
1713 2453 1882 2518 bona
1942 2462 2275 2518 consuetu-

24 2567 26 2624 ss
136 2539 310 2620 dine,
369 2563 580 2628 nuper
646 2539 890 2606 ibidem
951 2541 1220 2608 ecclesia
1279 2550 1673 2625 constructa,
1740 2543 2156 2607 sacratiorem
2214 2551 2280 2607 et

138 2631 386 2697 cunctis
445 2629 986 2695 honorabiliorem
1045 2631 1258 2696 locum
1321 2631 1619 2696 omnibus
1678 2631 1913 2699 fecere.
2005 2631 2141 2695 Nec
2184 2633 2278 2696 in-

135 2722 396 2803 merito,
459 2721 610 2805 quia
666 2718 942 2796 nullum,
1002 2729 1075 2784 ut
1135 2722 1594 2806 comperimus,
1660 2718 1812 2785 fidei
1872 2718 2276 2786 Christianae

137 2810 415 2895 signum,
463 2808 638 2873 nulla
683 2808 970 2891 ecclesia,
1019 2809 1261 2874 nullum
1310 2809 1514 2874 altare
1559 2810 1628 2873 in
1663 2817 1801 2874 tota
1831 2809 2278 2875 Berniciorum

135 2906 328 2980 gente
377 2906 668 2962 erectum
701 2907 818 2981 est,
866 2900 1238 2984 priusquam
1275 2896 1399 2963 hoc
1447 2920 1668 2963 sacrae
1714 2901 1923 2963 crucis
1968 2899 2278 2965 uexillum

26 3005 28 3008 ’
133 3008 338 3052 nouus
401 2985 669 3051 militiae
733 2985 988 3071 ductor,
1056 2985 1338 3052 dictante
1401 2984 1553 3052 fidei
1616 2986 1987 3073 deuotione,
2054 2999 2277 3054 contra

133 3074 384 3141 hostem
428 3075 942 3140 inmanissimum
986 3085 1390 3161 pugnaturus
1438 3084 1766 3140 statueret.

306 3164 454 3230 Nec
499 3164 581 3229 ab
627 3187 699 3229 re
746 3173 844 3229 est
888 3187 1090 3230 unum
1137 3188 1174 3230 e
1220 3165 1532 3252 pluribus,
1581 3187 1745 3251 quae
1790 3163 1877 3229 ad
1921 3164 2089 3229 hanc
2135 3187 2272 3230 cru-

133 3275 272 3318 cem
322 3262 581 3341 patrata
627 3264 795 3336 sunt,
844 3255 1104 3319 uirtutis
1150 3253 1533 3319 miraculum
1578 3274 1900 3320 enarrare.
1993 3251 2275 3330 Quidam

133 3339 206 3406 de
266 3341 582 3408 fratribus
642 3340 1180 3427 Hagustaldensis
1241 3342 1577 3426 ecclesiae,
1639 3344 1896 3407 nomine
1950 3340 2271 3428 Bothelm,

26 3457 28 3508 ξ
135 3432 237 3516 qui
282 3454 456 3498 nunc
503 3453 706 3517 usque
753 3443 1074 3519 superest,
1132 3441 1282 3496 ante
1326 3453 1566 3518 paucos
1612 3453 1811 3495 annos
1859 3430 2012 3495 dum
2057 3431 2271 3496 incau-

133 3522 251 3584 tius
299 3522 471 3588 forte
517 3529 714 3584 noctu
761 3520 828 3585 in
859 3520 1067 3606 glacie
1113 3521 1457 3604 incederet,
1506 3530 1776 3608 repente
1822 3521 2080 3604 corruit,
2129 3520 2270 3585 bra-

132 3608 342 3674 chium
407 3611 716 3677 contriuit
789 3631 867 3673 ac
932 3612 1317 3695 grauissima
1392 3609 1717 3674 fracturae
1785 3610 1984 3695 ipsius
2058 3612 2271 3698 coepit

129 3699 421 3765 molestia
466 3700 767 3783 fatigari3
815 3700 909 3763 ita
939 3707 1010 3763 ut
1041 3721 1124 3764 ne
1154 3698 1236 3763 ad
1268 3722 1338 3764 os
1386 3698 1647 3786 quidem
1693 3696 2013 3764 adducere
2059 3700 2269 3784 ipsum

131 3785 459 3855 brachium
507 3787 826 3852 ullatenus
874 3785 1092 3853 dolore
1139 3798 1401 3854 arcente
1447 3788 1713 3853 ualeret.
1793 3786 1922 3865 Qui
1969 3811 2116 3852 cum
2164 3788 2267 3854 die

28 3941 30 3954 ,
133 3876 400 3960 quadam
445 3897 640 3944 mane
697 3875 949 3941 audiret
993 3899 1193 3942 unum
1239 3876 1318 3942 de
1365 3876 1673 3942 fratribus
1720 3874 1802 3942 ad
1848 3877 2061 3942 locum
2106 3878 2266 3942 eius-
