2723 4326
339 169 424 234 92
2132 168 2201 222 11.
2244 169 2461 226 13—14.

340 345 483 412 bat:
560 346 960 432 multumque
1033 347 1295 430 gauisus
1357 344 1441 411 de
1498 345 1826 430 agnitione
1886 347 2025 411 ueri
2087 346 2193 411 dei
2265 347 2467 412 cultus

339 436 524 501 iussit
569 437 757 500 sociis
805 434 1138 501 destruere
1185 457 1262 500 ac
1309 433 1697 500 succendere
1744 435 1963 501 fanum
1998 459 2144 500 cum
2177 437 2467 501 omnibus

337 525 538 611 septis
593 526 744 589 suis.
840 521 1221 591 Ostenditur
1267 534 1483 589 autem
1529 523 1704 589 locus
1748 523 1856 590 ille
1902 524 2229 612 quondam
2273 525 2466 590 idolo-

335 635 480 679 rum
523 635 653 682 11011
698 613 893 698 101186
953 613 1036 680 ab
1081 613 1381 678 Eburaco
1441 611 1524 678 ad
1583 615 1923 698 orientem,
1989 614 2158 678 ultra
2218 635 2470 679 amnem

310 702 911 808 ,Doruuentionerm
960 711 1025 767 61
1069 710 1339 767 uocatur
1370 699 1560 767 hodie
1592 665 2315 788 Godmunddingaham,
2360 705 2471 768 ubi

334 791 672 880 pontifex
654 815 794 879 lpse
841 792 1194 879 inspirante
1241 787 1361 856 deo
1406 813 1559 857 uero
1607 790 1834 877 polluit
1864 814 1941 857 ac
1986 792 2308 858 destruxit
2340 811 2469 878 eas,

339 902 498 967 quas
543 881 682 967 ipse
730 889 1119 965 sacrauerat,
1166 902 1334 949 aras.

1359 1109 1464 1176 14.

390 1269 469 1325 vt
506 1269 668 1324 idem
705 1267 970 1324 Aednini
1008 1282 1144 1324 cnm
1185 1281 1296 1324 sna
1333 1267 1520 1336 gente
1556 1267 1761 1325 fidelis
1801 1268 1889 1324 sit
1926 1268 2170 1336 factus3
2211 1269 2276 1326 et
2313 1269 2422 1326 ubi

1012 1356 1316 1414 Paulinus
1356 1357 1803 1428 baptizanerit.

512 1501 728 1588 Igitur
782 1502 1031 1589 accepit
1077 1525 1192 1568 rex
1240 1501 1525 1569 Aeduini
1570 1525 1716 1568 cum
1763 1504 2008 1568 cunctis
2057 1505 2270 1588 gentis
2320 1525 2471 1568 suae

332 1590 654 1656 nobilibus
700 1613 778 1656 ac
809 1590 998 1678 plebe
1044 1591 1456 1697 perplurima
1482 1590 1677 1657 fidem
1723 1601 1788 1656 et
1830 1593 2160 1657 lauacrum
2208 1603 2472 1658 sanctae

331 1681 836 1766 regenerationis
895 1702 1061 1745 anno
1115 1683 1302 1765 regni
1359 1683 1459 1745 sui
1513 1679 1882 1765 undecimo,
1948 1683 2059 1768 qui
2114 1689 2213 1746 est
2269 1704 2472 1746 annus

333 1768 690 1834 dominicae
737 1771 1194 1835 incarnationis
1225 1767 1799 1852 DCXXV11„ab
1826 1768 2107 1835 aduentu
2149 1793 2303 1836 uero
2335 1770 2469 1836 An-

338 1858 647 1944 glorum‘
629 1882 696 1924 m
726 1857 1116 1924 Brittaniam
1161 1881 1364 1924 annus
1412 1860 1668 1924 circiter
1702 1855 2029 1928 CLXXX.
2093 1859 2473 1946 Baptizatus

339 1957 438 2012 est
467 1956 681 2013 autem
710 1948 996 2026 Eburaci
1041 1947 1170 2013 die·
1192 1958 1411 2014 sancto
1457 1947 1734 2036 paschae
1780 1946 1985 2034 pridie
2015 1947 2248 2014 Iduum
2279 1950 2469 2053 Apri-

335 2039 494 2103 lium
539 2039 607 2102 in
651 2037 922 2103 ecclesia
967 2039 1171 2103 sancti
1215 2037 1397 2102 Petri
1441 2037 1742 2124 apostoli,
1807 2059 2001 2123 quam
2046 2035 2287 2102 ibidem
2336 2040 2472 2124 ipse

336 2124 416 2191 de
484 2127 693 2213 lign0‚
773 2150 919 2192 cum
986 2125 1495 2193 catechizaretur
1561 2135 1757 2213 atque
1830 2126 1914 2193 ad
1986 2127 2473 2214 percipiendum

334 2216 658 2302 baptisma
726 2216 1157 2300 imbueretur,
1221 2217 1420 2281 citato
1481 2238 1674 2302 opere
1739 2218 2113 2281 construxit.
2208 2216 2287 2281 In
2350 2239 2475 2302 qua

337 2308 534 2371 etiam
603 2306 865 2371 ciuitate
925 2307 1065 2392 ipse
1133 2305 1384 2370 doctori
1449 2312 1645 2392 atque
1706 2306 1980 2370 antistiti
2043 2328 2155 2371 suo
2202 2305 2472 2371 Paulino

336 2395 552 2459 sedem
600 2396 1008 2481 episcopatus
1055 2392 1335 2461 donauit.
1399 2394 1550 2459 Mox
1582 2403 1797 2458 autem
1843 2404 1915 2459 ut
1959 2394 2283 2482 baptisma
2328 2416 2473 2461 con-

337 2493 590 2549 secutus
647 2494 772 2570 661,
845 2485 1120 2567 curauit,
1191 2483 1462 2549 docente
1519 2484 1743 2549 eodem
1796 2483 2095 2567 Paulino,
2161 2485 2471 2549 maiorem

334 2574 474 2659 ipso
505 2574 572 2637 in
601 2571 742 2637 1060
775 2582 840 2638 61
885 2574 1321 2676 augustiorem
1368 2570 1447 2639 de
1492 2573 1707 2659 lapide
1751 2571 2070 2637 fabricare
2115 2572 2470 2656 basilicam,

336 2662 403 2725 in
449 2664 628 2726 cuius
674 2660 886 2727 medio
932 2663 1172 2748 ipsum,
1230 2662 1401 2749 quod
1448 2663 1623 2747 prius
1670 2662 1935 2746 fecerat,
1984 2664 2335 2727 oratorium
2378 2664 2472 2726 in-

337 2749 716 2815 cluderetur.
781 2751 1192 2836 Praeparatis
1240 2773 1397 2837 ergo
1442 2749 1872 2815 fundamentis
1912 2753 1979 2816 in
2026 2772 2191 2838 gyro
2236 2752 2473 2838 prioris

339 2840 600 2903 oratorii
658 2862 775 2925 per
835 2839 1150 2925 quadrum
1213 2843 1426 2927 coepit
1484 2838 1828 2905 aedificare
1891 2840 2243 2905 basilicam.
2340 2838 2473 2906 Sed

336 2929 708 3015 priusquam
757 2927 1027 2993 altitudo
1081 2930 1344 3015 parietis
1407 2938 1576 2995 esset
1635 2938 2105 3013 consummata,
2164 2952 2286 2995 rex
2329 2931 2472 3017 ipse

336 3019 536 3104 impia
599 3038 755 3081 11666
825 3020 1070 3082 06616116
1139 3040 1297 3105 opus
1343 3018 1516 3083 idem
1586 3020 1940 3083 successori
2004 3040 2117 3083 suo
2184 3016 2472 3084 Osualdo

264 3182 274 3188 ,
334 3106 801 3193 perficiendum
866 3106 1141 3193 reliquit.
1236 3107 1542 3174 Paulinus
1610 3115 1827 3171 autem
1890 3130 1973 3171 ex
2040 3130 2116 3172 60
2181 3117 2474 3194 tempore

338 3194 433 3259 VI
479 3197 662 3261 annis
719 3198 1062 3278 continuis,
1125 3195 1192 3261 id
1239 3204 1335 3261 est
1381 3196 1463 3261 ad
1506 3195 1700 3261 finem
1746 3218 1948 3281 usque
1993 3197 2251 3283 imperii
2294 3198 2474 3283 regis

336 3284 521 3369 illius,
569 3286 843 3351 uerbum
869 3284 971 3350 dei
995 3284 1315 3350 adnuente
1347 3308 1424 3350 ac
1456 3264 1764 3350 fauente
1745 3307 1885 3371 ipso
1917 3286 1985 3348 in
2015 3308 2093 3351 ea
2138 3287 2473 3372 prouincia

335 3374 780 3459 praedicabat3
832 3372 1314 3479 credebantque
1337 3385 1403 3439 et
1425 3373 1922 3461 baptizabantur
1946 3382 2258 3461 quotquot
2286 3384 2475 3440 erant

337 3461 771 3548 praeordinati
816 3464 898 3529 ad
942 3456 1146 3529 ultam
1203 3473 1565 3549 aeternam,
1627 3465 1693 3528 in
1740 3463 1970 3550 quibus
2018 3472 2200 3529 erant
2246 3461 2472 3530 Osfrid

337 3561 400 3616 et
431 3553 698 3618 Eadfrid
727 3552 842 3617 filii
871 3555 1047 3639 regis
1078 3551 1381 3637 Aeduini,
1432 3554 1541 3639 qui
1576 3552 1768 3618 ambo
1817 3553 1875 3617 ei
1924 3552 2097 3617 exuli
2139 3553 2278 3617 nati
2326 3565 2473 3619 sunt

335 3640 416 3705 de
463 3640 900 3727 Quoenburga
946 3640 1080 3707 filia
1126 3639 1339 3706 Oearli
1383 3642 1555 3727 regis
1602 3640 2011 3707 Merciorum.

513 3730 838 3815 Baptizati
893 3740 1040 3796 sunt
1092 3738 1388 3816 tempore
1447 3739 1753 3816 sequente
1810 3738 1875 3795 et
1929 3730 2037 3794 alii
2089 3730 2278 3795 liberi
2335 3732 2471 3797 eius

337 3816 416 3882 de
460 3817 862 3903 Aedilberga
915 3822 1144 3903 regina
1202 3822 1554 3905 progeniti,
1600 3816 1924 3883 Aedilhun
1972 3828 2038 3884 et
2084 3818 2469 3907 Aedilthryd
