2723 4326
364 199 492 262 150
2272 202 2372 258 111.
2410 203 2495 258 25.

359 383 556 461 caput
601 371 895 440 Chorinti
953 376 1256 442 totondit:
1317 376 1401 440 ad
1446 375 1605 440 nihil
1648 374 1952 442 uidelicet
1996 377 2179 462 utile,
2240 380 2365 443 nisi
2410 377 2495 444 ad

361 463 734 530 scandalum
778 462 1114 530 uitandum
1144 463 1550 530 Iudaeorum.
1612 464 1787 529 Hinc
1833 465 2006 552 quod
2052 466 2260 532 eidem
2292 467 2495 533 Paulo

361 554 637 619 Iacobus
684 554 774 618 ait
819 549 986 638 (Act.
1016 556 1120 638 21,
1150 552 1291 640 20):
1346 553 1608 640 „Vides,
1652 555 1872 636 frater,
1920 565 2077 642 quot
2121 557 2302 622 milia
2347 567 2496 622 sunt

358 645 424 707 in
454 641 733 725 Iudaeis,
782 644 892 728 qui
938 642 1390 709 crediderunt?
1440 653 1505 708 et
1535 665 1755 708 omnes
1786 644 1853 709 hi
1898 645 2324 711 aemulatores
2349 655 2496 711 sunt

357 730 582 818 legis.“
661 729 805 796 Nec
848 741 1067 797 tamen
1111 732 1302 799 hodie
1349 734 1731 798 clariscente
1776 755 1894 819 per
1938 735 2247 799 mundum
2295 757 2492 800 euan-

357 823 528 907 gelio
571 843 840 886 necesse
865 831 981 903 est,
1028 822 1226 886 immo
1273 845 1393 886 nec
1437 822 1686 886 licitum
1730 821 2027 888 fidelibus
2072 823 2179 888 uel
2226 824 2493 889 circum-

358 909 487 976 cidi
529 910 634 974 uel
679 909 922 975 hostias
967 907 1088 975 deo
1146 912 1559 976 uictimarum
1612 911 1844 977 offerre
1898 913 2271 978 carnalium.
2362 912 2493 978 Ita·

361 1022 486 1086 que
528 998 849 1065 Iohannes
907 997 1258 1063 secundum
1315 1000 1481 1086 legis
1541 1001 2070 1066 consuetudinem
2115 1001 2345 1066 ΧΠΠ·
2390 1001 2496 1068 (116

357 1091 597 1154 mensis
643 1090 837 1175 primi
881 1087 965 1153 ad
1017 1111 1359 1176 uesperam
1404 1089 1757 1176 incipiebat
1802 1090 2302 1156 celebrationem
2347 1091 2496 1156 festi

356 1177 701 1265 paschalis,
763 1178 855 1242 nil
900 1200 1158 1260 curans,
1217 1189 1436 1244 utrum
1483 1177 1642 1244 haec
1686 1179 1987 1264 sabbate,
2042 1201 2124 1244 an
2168 1180 2296 1244 alia
2341 1202 2495 1266 qua·

356 1268 516 1332 libet
562 1267 726 1332 feria
769 1269 1161 1354 proueniret.
1223 1266 1317 1332 At
1360 1290 1516 1332 uero
1562 1267 1797 1333 Petrus
1844 1291 1991 1333 cum
2022 1268 2267 1334 Romae
2310 1291 2495 1355 prae-

357 1356 634 1438 dicaret,
697 1378 971 1440 memor,
1035 1358 1186 1443 quia
1234 1355 1527 1421 dominus
1572 1359 1783 1444 prima
1829 1358 2083 1423 sabbati
2144 1359 2498 1424 resurrexit

357 1467 398 1508 a
451 1445 721 1509 mortuis
791 1467 870 1509 ac
949 1446 1188 1512 mundo
1250 1467 1433 1533 spem
1489 1446 1973 1512 resurrectionis
2034 1447 2330 1530 contulit,
2400 1449 2497 1512 ita

356 1534 598 1620 pascha
644 1533 1014 1599 faciendum
1057 1533 1402 1620 intellexit,
1450 1545 1521 1600 ut
1566 1535 1919 1601 secundum
1966 1535 2496 1601 consuetudinem

357 1646 435 1687 ac
488 1633 838 1710 praecepta
894 1623 1058 1707 legis
1104 1622 1381 1688 XIHIm
1425 1624 1645 1689 lunam
1702 1626 1894 1712 primi
1952 1627 2220 1707 mensis,
2288 1646 2497 1710 aeque

359 1715 524 1778 sicut
547 1711 887 1797 Iohannes,
937 1714 1250 1779 orientem
1282 1714 1367 1779 ad
1398 1736 1741 1801 uesperam
1774 1735 2025 1800 semper
2057 1722 2494 1800 exspectaret:

358 1811 424 1866 61
469 1802 591 1866 1166
639 1811 885 1884 exorta,
935 1805 988 1868 si
1020 1802 1340 1868 dominica
1372 1801 1527 1888 dies,
1576 1825 1743 1889 quae
1787 1812 1942 1868 tunc
1986 1806 2199 1890 prima
2242 1802 2498 1868 sabbati

357 1891 739 1975 uocabatur,
806 1900 946 1955 erat
1005 1914 1196 1958 mane
1257 1901 1561 1976 uentura,
1609 1895 1677 1957 in
1721 1893 1863 1979 ipsa
1920 1913 2196 1978 uespera
2253 1890 2501 1978 pascha

361 1979 751 2045 dominicum
814 1981 1140 2046 celebrare
1200 1980 1579 2067 incipiebat,
1641 1980 1961 2066 quomodo
2010 1990 2074 2045 et
2129 2002 2249 2045 nos
2306 1979 2502 2045 hodie

356 2069 574 2134 facere
621 2071 916 2135 solemne.
999 2067 1117 2135 Sin
1163 2079 1381 2135 autem
1428 2070 1748 2135 dominica
1790 2092 1921 2134 11611
1964 2072 2259 2156 proximo
2305 2091 2500 2134 mane

355 2170 504 2246 post
547 2157 764 2224 lunam
809 2157 1103 2245 XIIII-¹¹²,
1167 2159 1282 2225 sed
1322 2158 1511 2226 XVI·
1556 2169 1668 2225 aut
1708 2157 1939 2224 XVII·
1984 2169 2097 2224 aut
2154 2159 2283 2224 alia
2340 2182 2497 2246 qua-

353 2248 512 2315 libet
563 2249 716 2315 luna
785 2271 988 2335 usque
1051 2248 1135 2314 ad
1181 2247 1422 2313 XXP'·
1467 2261 1637 2313 esset
1694 2258 1999 2331 uentura,
2071 2249 2497 2336 exspectabat

353 2360 500 2402 eum
533 2347 597 2403 et
630 2339 1054 2425 praecedente
1083 2338 1376 2422 sabbate,
1428 2360 1722 2424 uespere,
1770 2347 2180 2403 sacrosancta
2210 2336 2496 2425 paschae

353 2427 688 2493 sollemnia
733 2426 1106 2510 inchoabat3
1168 2428 1391 2514 sicque
1435 2427 1663 2510 fiebat,
1724 2436 1795 2491 ut
1841 2425 2166 2492 dominica
2210 2425 2495 2514 paschae

353 2516 490 2582 dies
557 2517 806 2580 nonnisi
871 2540 911 2581 a
970 2514 1128 2581 XV·
1171 2516 1324 2581 luna
1389 2538 1591 2602 usque
1657 2513 1739 2581 ad
1804 2514 2042 2580 XXI⁸¹¹¹
2104 2525 2493 2580 seruaretur.

353 2604 584 2692 Neque
614 2605 776 2671 haec
807 2605 1184 2689 euangelica
1213 2615 1278 2670 et
1309 2605 1663 2692 apostolica
1709 2603 1967 2669 traditio
2014 2604 2227 2688 legem
2274 2606 2495 2687 soluit,

353 2694 469 2760 sed
515 2697 726 2780 potius
772 2693 1100 2780 adimplet,
1147 2696 1214 2759 in
1246 2716 1375 2780 qua
1405 2692 1879 2759 obseruandum
1910 2692 2153 2778 pascha
2183 2716 2224 2757 a
2253 2691 2499 2758 XIIII·

357 2784 508 2847 luna
562 2784 753 2869 primi
807 2785 1044 2847 mensis
1091 2783 1175 2848 ad
1219 2805 1558 2870 uesperam
1614 2803 1817 2867 usque
1862 2781 1946 2847 ad
1990 2780 2230 2846 XXI-³²
2271 2782 2499 2846 lunam

355 2869 645 2936 eiusdem
704 2874 940 2937 mensis
999 2872 1083 2936 ad
1127 2894 1469 2959 uesperam
1527 2881 1945 2959 praeceptum
1992 2878 2120 2936 est:
2185 2872 2251 2934 in
2296 2891 2497 2955 quam

353 2960 833 3025 obseruantiam
868 2960 1248 3026 imitandam
1279 2984 1501 3027 omnes
1532 2961 1710 3026 beati
1739 2959 2045 3025 Iohannis
2092 2980 2501 3023 successores

354 3053 420 3114 in
471 3050 631 3115 Asia
692 3059 839 3136 post
898 3050 1146 3114 obitum
1207 3052 1342 3129 eius
1390 3060 1456 3114 et
1502 3052 1707 3114 omnis
1764 3072 1883 3135 per
1937 3048 2159 3113 orbem
2219 3047 2502 3113 ecclesia

353 3162 667 3205 conuersa
699 3149 816 3204 est.
880 3139 968 3203 Et
1013 3139 1134 3205 hoc
1179 3162 1318 3204 6666
1365 3160 1595 3204 uerum
1637 3136 1898 3225 pascha,
1946 3135 2070 3201 hoc
2101 3136 2305 3202 solum
2334 3134 2497 3200 fide-

353 3228 522 3293 libus
570 3227 1049 3311 celebrandum,
1095 3226 1162 3291 N
1162 3229 1344 3293 iceno
1393 3227 1661 3292 concilio
1685 3248 1815 3291 non
1860 3234 2169 3291 statutum
2216 3226 2496 3309 nouiter,

357 3318 469 3382 sed
501 3316 949 3383 confirmatum
981 3327 1099 3402 661,
1145 3326 1218 3381 111
1252 3318 1689 3383 6661661661166
1734 3315 1922 3379 docet
1965 3314 2251 3379 historia.
2306 3312 2502 3379 Vnde

356 3416 606 3472 constat
636 3430 772 3491 uos,
807 3405 1135 3489 Colmane,
1180 3428 1391 3493 neque
1420 3405 1737 3487 Iohannis,
1778 3413 1849 3468 111
1880 3404 2246 3487 autumatis,
2281 3424 2499 3467 exem-

355 3497 464 3581 pla
509 3497 745 3561 sectari
790 3515 999 3582 neque
1046 3495 1252 3579 Petri,
1324 3496 1505 3561 cuius
1550 3493 1878 3558 traditioni
1924 3494 2198 3558 scientes
2243 3501 2503 3556 contra-

355 3583 590 3667 dicitis,
636 3607 845 3671 neque
890 3586 1025 3669 legi
1069 3606 1279 3671 neque
1326 3584 1661 3668 euangelio
1705 3584 1775 3648 in
1821 3582 2269 3647 obseruatione
2291 3583 2504 3646 uestri

355 3672 633 3757 paschae
679 3695 1058 3759 congruere.
1119 3671 1441 3738 Iohannes
1490 3677 1661 3738 enim
1705 3670 1789 3737 ad
1833 3671 1997 3755 legis
2028 3668 2355 3734 Mosaicae
2386 3668 2503 3733 de-

355 3770 532 3827 creta
590 3772 846 3850 tempus
904 3762 1209 3849 paschale
1270 3763 1637 3829 custodiens
1695 3760 1785 3826 nil
1846 3758 1927 3824 de
1974 3759 2183 3846 prima
2241 3757 2502 3824 sabbati

355 3851 652 3936 curabat3
702 3851 872 3938 quod
918 3874 1034 3917 uos
1080 3874 1208 3917 non
1253 3853 1487 3937 facitis,
1535 3853 1647 3937 qui
1692 3851 1945 3915 nonnisi
1988 3850 2199 3935 prima
2242 3847 2506 3913 sabbati
