2723 4326
431 209 515 272 60
2411 205 2480 258 11.
2517 206 2562 258 1.

427 385 621 450 batur
680 382 949 468 habere,
1012 393 1214 450 totam
1263 384 1347 450 ad
1392 384 1888 450 nanciscendam
1934 406 2249 470 supernae
2298 383 2567 468 gloriam

429 473 766 558 dignitatis
813 474 1034 539 diuina
1080 477 1295 560 gratia
1339 475 1661 560 largiente
1707 476 2046 538 conuertit.
2110 473 2285 538 Nam
2322 480 2570 536 mutato

426 572 696 650 repente
742 564 970 628 habitu
1015 564 1328 628 saeculari
1374 566 1836 628 monasterium
1883 565 2087 649 petiit,
2135 565 2201 626 in
2233 584 2360 648 quo
2392 569 2574 626 tanta

427 653 844 740 perfectionis
879 654 1096 738 gratia
1141 654 1355 738 coepit
1403 654 1790 736 conuersari,
1839 663 1930 736 ut,
1979 653 2317 737 sicutipse
2348 659 2575 738 postea

425 742 636 807 flendo
670 743 919 807 solebat
952 740 1280 826 adtestari,
1315 743 1530 806 animo
1550 741 1715 806 illius
1746 742 2030 806 labentia
2062 749 2297 805 cuncta
2328 740 2577 804 subter-

426 840 671 916 essent,
733 841 807 896 ut
849 831 1046 896 rebus
1094 832 1420 913 omnibus,
1472 853 1640 916 quae
1685 831 2059 913 uoluuntur,
2108 832 2455 912 emineret,
2506 837 2578 890 ut

424 920 602 984 nulla
662 921 787 984 nisi
852 920 1157 986 caelestia
1215 921 1505 1004 cogitare
1565 920 1823 1002 soleret,
1894 929 1966 983 ut
2025 919 2219 984 etiam
2282 925 2579 982 retentus

426 1031 692 1095 corpore
732 1011 874 1095 ipsa
904 1011 1034 1074 iam
1083 1011 1291 1073 carnis
1339 1009 1617 1074 claustra
1665 1009 2202 1095 contemplatione
2245 1008 2577 1088 transiret,

425 1107 498 1162 111
544 1107 821 1162 mortem
871 1119 1152 1184 quoque,
1221 1119 1390 1183 quae
1434 1120 1603 1184 pene
1650 1101 1897 1162 cunctis
1945 1119 2154 1184 poena
2200 1105 2326 1181 est,
2396 1095 2577 1160 uide-

424 1187 578 1251 licet
625 1195 696 1250 ut
742 1189 1110 1272 ingressum
1155 1188 1328 1252 uitae
1361 1195 1428 1251 et
1466 1185 1707 1250 laboris
1753 1188 1850 1250 sui
1896 1188 2259 1272 praemium
2307 1193 2581 1249 amaret.

424 1275 573 1340 Hoc
619 1285 837 1340 autem
884 1279 1024 1362 ipse
1071 1272 1151 1340 de
1175 1297 1264 1359 sc,
1312 1297 1443 1339 non
1488 1276 1850 1361 profectum
1894 1275 2193 1340 iactando
2241 1276 2581 1357 uirtutum,

427 1363 543 1428 sed
590 1361 885 1428 deflendo
933 1365 1149 1450 potius
1197 1363 1561 1448 defectum,
1628 1386 1819 1450 quem
1864 1365 1989 1428 sibi
2034 1387 2151 1450 per
2199 1385 2425 1428 curam
2466 1385 2581 1448 pa·

426 1452 729 1516 storalem
753 1455 1098 1518 incurrisse
1123 1451 1483 1537 uidebatur,
1511 1452 1755 1518 referre
1779 1461 2219 1517 consueuerat.
2269 1451 2583 1537 Denique

425 1550 723 1626 tempore
786 1542 1066 1628 quodam
1127 1551 1405 1625 secreto,
1469 1563 1614 1606 cum
1675 1541 1944 1606 diacono
2006 1564 2119 1606 suo
2164 1541 2363 1607 Petro
2429 1563 2583 1605 con-

425 1631 716 1716 loquens,
767 1632 1157 1695 enumeratis
1204 1631 1403 1695 animi
1449 1632 1548 1694 sui
1593 1631 1939 1696 uirtutibus
1978 1625 2249 1717 prisciS,
2278 1653 2436 1694 mox
2466 1630 2582 1694 do-

425 1716 616 1784 lendo
667 1719 995 1784 subiunxit
1041 1719 1217 1802 (dial.
1251 1719 1304 1784 Ι.
1335 1720 1507 1802 prol.
1556 1726 1696 1784 tom.
1732 1719 1825 1783 II.
1860 1721 1970 1784 col.
2001 1721 2144 1784 152.
2188 1717 2412 1806 Ben.):
2466 1719 2583 1784 ‘At

424 1831 596 1873 nunc
643 1831 727 1872 ex
758 1811 1094 1873 occasione
1142 1830 1333 1873 curae
1380 1809 1723 1893 pastoralis
1772 1809 2197 1874 saecularium
2241 1809 2586 1872 hominum

423 1898 690 1981 negotia
732 1899 981 1983 patitur
1013 1908 1075 1961 et
1104 1907 1252 1983 post
1281 1905 1419 1961 tam
1469 1897 1758 1983 pulcram
1809 1899 2042 1983 quietis
2090 1920 2245 1962 suae
2292 1899 2587 1983 speciem

424 1988 670 2050 terreni
714 1996 896 2050 actus
952 1986 1220 2072 puluere
1275 1984 1588 2051 foedatur.
1684 1983 1979 2072 Cumque
2026 2008 2097 2050 se
2142 2010 2261 2074 pro
2309 1987 2583 2051 descen-

425 2077 602 2140 sione
647 2075 998 2140 multorum
1047 2073 1129 2139 ad
1177 2075 1502 2140 exteriora
1546 2077 1875 2161 sparserit,
1927 2076 2122 2141 etiam
2168 2098 2317 2140 cum
2354 2077 2581 2140 interi-

425 2188 539 2230 ora
569 2168 838 2252 appetit,
887 2166 971 2230 ad
1000 2165 1161 2230 haec
1207 2163 1433 2251 procul
1479 2161 1671 2229 dubio
1717 2166 1927 2229 minor
1972 2163 2161 2230 redit.
2226 2163 2581 2253 Perpendo

421 2256 660 2340 itaque,
702 2252 857 2340 quid
886 2254 1111 2337 toler0‚
1157 2253 1507 2340 perpendO,
1558 2253 1710 2339 quid
1740 2256 1955 2318 amisi:
2006 2253 2287 2341 dumque
2319 2257 2584 2319 intueor

422 2343 597 2427 illud,
649 2344 820 2429 quod
865 2342 1140 2429 perdidi,
1186 2341 1262 2408 fit
1307 2340 1430 2407 hoc
1476 2344 1785 2425 grauius,-
1812 2341 1984 2428 quod
2028 2344 2260 2430 porto’.

603 2432 790 2497 Haec
837 2431 1096 2516 quidem
1144 2440 1403 2496 sanctus
1450 2432 1551 2495 uir
1598 2453 1680 2495 ex
1726 2452 2004 2516 magnae
2050 2431 2436 2497 humilitatis
2483 2428 2603 2497 in-'

424 2523 713 2586 tentione
760 2519 1042 2585 dicebat:
1093 2519 1206 2585 sed
1246 2542 1365 2585 nos
1411 2518 1672 2584 credere
1719 2517 1906 2585 decet
1951 2520 2110 2585 nihil
2157 2544 2307 2586 611111
2352 2544 2583 2585 mona-

426 2608 648 2675 chicae
707 2608 1124 2695 perfectionis
1179 2607 1539 2696 perdidisse
1587 2609 1924 2673 occasione
1970 2632 2162 2675 curae
2206 2612 2578 2696 pastoralis,

424 2700 621 2762 immo
677 2701 995 2783 potiorem
1050 2708 1204 2762 tunc
1259 2698 1561 2761 sumsisse
1616 2698 1974 2782 profectum
2020 2696 2101 2762 de
2148 2699 2373 2763 labore
2422 2722 2581 2763 con-

424 2789 738 2851 uersionis
801 2787 1180 2870 multorum,
1251 2809 1445 2872 quam
1494 2784 1573 2849 de
1618 2788 1919 2872 propriae
1966 2788 2292 2873 quondam
2355 2791 2581 2874 quiete

427 2876 931 2938 conuersationis
985 2874 1328 2940 habuerat:
1392 2876 1675 2939 maxime
1723 2877 1873 2960 quia
1920 2885 1985 2940 et
2032 2876 2390 2961 pontificali
2436 2878 2579 2941 fun-

424 2970 565 3027 ctus
599 2962 812 3026 officio
859 2962 1122 3027 domum
1169 2986 1350 3028 suam
1396 2965 1857 3029 monasterium
1905 2965 2123 3030 facere
2172 2968 2457 3051 curauit3
2510 2976 2579 3031 et

425 3050 579 3115 dum
642 3052 852 3138 primo
922 3052 1003 3115 de
1070 3054 1461 3118 monasterio
1531 3052 1925 3137 abstractus,
1993 3051 2076 3116 ad
2139 3056 2578 3119 ministerium

423 3140 647 3205 altaris
697 3140 1026 3205 ordinatus
1072 3149 1268 3227 atque
1316 3140 1936 3227 Constantinopolim
1982 3145 2445 3228 apocrisiarius
2494 3146 2578 3209 ab

422 3231 775 3316 apostolica
829 3229 983 3294 sede
1036 3230 1322 3294 directus
1378 3240 1503 3313 est,
1570 3251 1698 3293 non
1742 3239 1960 3295 tamen
2006 3233 2072 3293 in
2119 3241 2378 3298 terreno
2427 3256 2577 3299 con-

423 3329 716 3383 uersatus
789 3319 1032 3404 palatio
1108 3320 1509 3404 propositum
1586 3320 1761 3383 uitae
1838 3319 2132 3384 caelestis
2198 3324 2574 3388 intermisit.

424 3406 597 3471 Nam
645 3406 956 3493 quosdam
1003 3407 1277 3472 fratrum
1309 3429 1393 3470 ex
1422 3408 1812 3471 monasterio
1844 3429 1981 3491 suc,
2032 3410 2142 3494 qui
2174 3432 2326 3475 eum
2361 3414 2581 3496 gratia

423 3517 772 3579 germanae
819 3497 1106 3561 caritatis
1152 3493 1236 3559 ad
1279 3498 1531 3581 regiam
1574 3496 1801 3559 urbem
1847 3498 2049 3561 secuti
2088 3509 2255 3582 sunt,
2304 3502 2374 3563 in
2407 3511 2577 3566 tuta-

423 3594 713 3648 mentum
769 3587 982 3670 coepit
1043 3584 1494 3649 obseruantiae
1550 3583 1865 3669 regularis
1924 3585 2192 3669 habere3
2266 3589 2578 3656 uidelicet

422 3680 495 3735 ut
541 3694 762 3737 eorum
810 3696 1068 3760 semper
1114 3673 1434 3759 exemp10,
1484 3673 1819 3758 sicutipse
1850 3675 2095 3759 scribit,
2144 3674 2228 3740 ad
2261 3680 2577 3744 orationis

421 3758 749 3845 placidum
792 3761 972 3845 litus,
1033 3763 1216 3846 quasi
1263 3762 1585 3825 anchorae
1630 3761 1783 3825 fune
1828 3765 2367 3851 restringeretur,
2428 3790 2578 3833 cum

423 3849 790 3912 incessabili
839 3871 1179 3912 causarum
1224 3849 1651 3913 saecularium
1682 3850 1958 3936 impulsu
2004 3850 2375 3939 fluctuaret,
2430 3880 2577 3922 con-
