2723 4326
187 195 260 253 v.
304 200 400 254 5-
411 202 459 255 6.
2201 201 2335 269 233

195 380 262 442 ei
310 398 572 441 manum
618 379 948 464 imponere
993 386 1186 463 atque
1235 399 1381 442 eum
1426 378 1809 444 benedicere
1854 379 2180 463 uoluisset,
2206 390 2332 445 sta-

193 468 322 530 tim
366 467 597 531 melius
642 466 932 531 haberet.
1025 465 1304 531 Intrauit
1350 489 1505 552 ergo
1552 467 1659 532 illo
1706 469 2043 556 episcopus
2075 479 2141 534 et
2170 468 2333 535 uidit

199 575 355 620 eum
400 558 661 620 maestis
709 555 999 620 omnibus
1046 557 1174 620 iam
1219 558 1412 620 morti
1458 558 1819 643 proximum
1837 608 1855 641 ,
1926 557 2337 645 positumque

195 643 480 708 loculum
542 645 722 708 iuxta
791 665 938 709 eum
956 696 974 728 ,
1046 645 1111 708 in
1172 667 1298 730 quo
1357 644 1761 732 sepeliendus
1820 647 1971 732 poni
2024 645 2331 730 deberet3

198 731 494 818 dixitque
551 735 904 799 orationem
958 755 1035 798 ac
1098 733 1429 799 benedixit
1476 755 1622 799 eum
1670 743 1735 800 et
1782 733 2120 819 egrediens
2166 734 2333 801 dixit

197 821 388 887 solito
437 821 900 887 consolantium
946 844 1276 888 sermone:
1343 823 1543 889 ‘Bene
1590 825 1998 890 conualescas
2044 833 2109 889 et
2156 825 2327 890 cito'.

201 909 498 996 Cumque
542 921 690 998 post
735 909 894 976 haec
941 908 1236 976 sederent
1300 913 1384 977 ad
1438 933 1725 978 mensam
1746 963 1765 997 ,
1823 913 1999 979 misit
2046 935 2206 1000 puer
2251 914 2333 979 ad

202 1000 536 1065 dominum
593 1022 776 1064 suum
840 1022 1076 1085 rogans
1137 1001 1258 1065 sibi
1316 1001 1618 1088 poculum
1676 1004 1811 1066 uini
1857 1003 2134 1087 mittere,
2184 1005 2338 1089 quia

200 1090 430 1154 sitiret.
509 1086 792 1154 Gauisus
839 1089 946 1153 ille
991 1089 1263 1154 multum
1285 1139 1302 1172 ,
1370 1092 1521 1175 quia
1575 1091 1797 1156 bibere
1856 1100 2098 1178 posset,
2157 1094 2335 1156 misit

201 1179 262 1242 ei
309 1177 573 1243 calicem
621 1179 755 1242 uiui
801 1177 1209 1243 benedictum
1255 1178 1338 1244 ab
1388 1181 1715 1267 episcopo3
1777 1203 1966 1266 quem
2028 1190 2101 1245 ut
2144 1180 2329 1263 bibit,

202 1267 486 1331 surrexit
533 1269 831 1332 continuo
850 1316 869 1349 ,
925 1277 990 1331 et
1044 1277 1309 1334 ueterno
1354 1267 1743 1334 infirmitatis
1789 1267 2073 1334 discusso
2123 1269 2334 1334 induit

204 1379 278 1420 se
323 1358 462 1442 ipse
507 1358 906 1422 uestimentis
953 1358 1110 1440 suis3
1161 1366 1226 1422 et
1273 1379 1571 1441 egressus
1616 1355 1767 1423 inde
1812 1360 2081 1424 intrauit
2126 1380 2203 1423 ac
2235 1381 2331 1423 sa-

202 1445 439 1509 lutauit
485 1446 854 1532 episcopum
900 1455 964 1511 et
1010 1448 1313 1511 conuiuas
1359 1446 1611 1526 dicens,
1677 1448 1827 1533 quia
1881 1449 2021 1535 ipse
2081 1469 2335 1534 quoquc

203 1531 640 1598 delectaretur
696 1533 1084 1599 manducare
1151 1545 1216 1600 et
1268 1534 1491 1601 bibere
1566 1557 1712 1599 cum
1782 1537 1891 1600 eis.
1997 1535 2335 1602 Iusserunt

203 1643 353 1686 eum
399 1621 626 1688 sedere
674 1643 890 1688 secum
937 1620 1020 1687 ad
1066 1624 1321 1710 epulas,
1390 1625 1663 1688 multum
1706 1623 2063 1710 gaudentes
2111 1623 2190 1690 de
2236 1648 2336 1689 so-

205 1712 444 1798 spitate
491 1711 674 1776 illius.
767 1709 1137 1794 Residebat,
1185 1713 1586 1796 uescebatur,
1635 1713 1921 1796 bibebat,
1947 1710 2329 1795 laetabatur,

205 1802 390 1886 quasi
436 1821 602 1865 unus
649 1822 684 1864 e
730 1801 1016 1866 conuiuis
1063 1801 1329 1885 agebat3
1379 1810 1443 1865 et
1489 1802 1705 1866 multis
1750 1811 1896 1888 post
1940 1801 2100 1867 haec
2146 1805 2331 1867 annis

204 1891 462 1971 uiuens,
523 1890 590 1953 in
661 1888 885 1955 eadem
899 1941 918 1974 ,
982 1911 1174 1975 quam
1245 1899 1583 1976 acceperat
1602 1940 1619 1973 ,
1687 1891 1892 1956 salute
1958 1893 2331 1979 permansit.

201 1977 352 2042 Hoc
399 1986 615 2042 autem
662 1977 1041 2043 miraculum
1071 1988 1464 2044 memoratus
1494 1978 1697 2045 abbas
1728 2002 1855 2044 non
1889 2001 1957 2045 se
1990 1991 2330 2067 praesente

203 2067 476 2148 factum,
543 2064 656 2131 sed
701 2068 783 2131 ab
830 2067 961 2152 his,
1025 2069 1134 2153 qui
1179 2078 1551 2155 praesentes
1596 2068 1809 2152 fuere,
1869 2069 1990 2132 sibi
2036 2069 2333 2156 perhibet

205 2172 347 2222 esse
391 2156 688 2221 relatum.

1247 2390 1309 2455 6.

208 2542 290 2600 vt
316 2542 615 2599 clericum
655 2558 829 2600 suum
867 2544 1136 2600 cadendo
1175 2544 1540 2613 contritum,
1582 2558 1774 2613 aeque
1802 2546 2032 2601 orando
2059 2560 2130 2601 ac
2155 2546 2338 2601 bene·

767 2630 1024 2689 dicendo
1063 2647 1102 2687 a
1136 2633 1336 2688 mort-e
1375 2633 1794 2689 reuocauerit.

385 2774 618 2861 Neque
683 2775 806 2840 hoc
873 2777 1415 2863 praetereundum
1486 2777 1755 2861 silentiO,
1824 2776 1994 2865 quod
2062 2778 2342 2843 famulus

207 2862 452 2929 Christi
497 2862 831 2929 Herebald
890 2867 958 2931 in
1022 2888 1092 2930 se
1136 2868 1276 2953 ipso
1323 2866 1406 2932 ab
1452 2889 1529 2931 eo
1576 2867 1819 2932 factum
1867 2868 2029 2932 solet
2072 2890 2339 2933 narrare

205 2953 622 3035 miraculum,
691 2956 803 3040 qui
848 2964 1001 3021 tunc
1047 2956 1304 3042 quidem
1349 2958 1419 3020 in
1464 2957 1633 3020 clero
1680 2955 1850 3020 illius
1899 2966 2335 3039 conuersatus,

206 3058 382 3107 nunc
428 3043 850 3127 monasterio,
913 3044 1084 3130 quod
1145 3054 1243 3110 est
1304 3046 1489 3109 iuxta
1547 3046 1779 3109 ostium
1828 3043 1977 3109 Tini
2040 3045 2336 3128 fluminis,

210 3131 469 3197 abbatis
530 3134 668 3196 iure
722 3141 1001 3219 praeest.
1115 3132 1373 3198 ‘Vitam'
1452 3135 1659 3219 inquit
1726 3133 1912 3199 ‘illius
1937 3184 1951 3213 ‚
2029 3143 2340 3222 quantum

206 3220 577 3285 hominibus
624 3223 966 3286 aestimare
1011 3221 1111 3287 fas
1155 3231 1287 3305 est,
1354 3221 1527 3308 quod
1593 3244 1897 3309 praesens
1950 3224 2191 3310 optime
2236 3246 2337 3287 co·

209 3311 430 3395 gncui,
477 3330 594 3396 per
639 3311 855 3376 omnia
901 3312 1198 3398 episcopo
1247 3309 1509 3396 dignam
1559 3330 1701 3377 esse
1746 3312 2044 3399 comperi.
2110 3310 2241 3378 Sed
2273 3320 2341 3376 et

207 3400 392 3463 cuius
450 3400 666 3463 meriti
724 3397 898 3487 apud
960 3402 1282 3465 internum
1343 3408 1575 3465 testem
1640 3400 1896 3465 habitus
1959 3402 2068 3485 sit,
2140 3411 2203 3466 et
2273 3401 2339 3465 in

209 3489 430 3552 multis
475 3487 616 3552 aliis
665 3496 729 3551 et
773 3491 840 3553 in
886 3510 994 3553 me
1038 3491 1179 3576 ipso
1227 3492 1508 3555 maxime
1541 3499 1845 3578 expertus
1877 3511 2049 3553 sum:
2102 3492 2343 3577 quippe

210 3594 406 3662 quem
459 3576 544 3639 ab
607 3578 767 3661 ipsc,
827 3586 899 3641 ut
943 3579 1036 3642 ita
1082 3577 1312 3663 dicam,
1365 3581 1584 3643 mortis
1630 3580 1834 3644 limite
1878 3596 2207 3662 reuocans,
2256 3576 2340 3643 ad

209 3667 389 3730 uiam
450 3665 628 3728 uitae
689 3687 804 3731 sua
850 3667 1139 3731 oratione
1184 3688 1263 3733 ac
1309 3666 1755 3734 benedictione
1799 3665 2072 3735 reduxit.
2166 3667 2341 3733 Nam

213 3776 360 3818 cum
408 3754 741 3839 primaeuo
788 3753 1260 3820 adulescentiae
1306 3766 1598 3845 tempore
1643 3758 1709 3822 in
1756 3758 1923 3822 clero
1956 3757 2123 3822 illius
2148 3755 2344 3843 dege·

211 3858 356 3906 rem
399 3839 662 3927 legendi
708 3842 971 3927 quidem
1017 3844 1415 3931 canendique
1461 3846 1685 3911 studiis
1731 3844 2022 3931 traditus,
2071 3844 2181 3913 sed
2213 3868 2343 3912 non
