2723 4326
171 204 269 258 m.
309 204 538 258 14—15.
2183 210 2308 273 127

171 380 509 467 Numquid
553 381 673 445 tibi
720 382 928 446 carior
974 390 1071 446 est
1115 381 1225 446 ille
1268 380 1438 447 filius
1486 403 1710 468 equae,
1759 405 1953 469 quam
1991 383 2098 448 ille
2143 382 2313 448 filius

174 468 345 536 dei‘?’
438 467 687 548 Quibus
733 469 918 535 dictis
977 471 1308 536 intrabant
1353 469 1437 535 ad
1483 472 1944 557 prandendum.
2042 471 2131 536 Et
2177 474 2311 559 epi-

172 581 405 646 scopus
451 557 713 645 quidem
757 558 1083 625 residebat
1128 562 1193 623 in
1239 581 1354 624 suo
1401 560 1559 627 loco.
1624 562 1827 627 Porro
1858 584 1994 644 rex,
2045 570 2316 627 uenerat

172 650 345 714 enim
376 645 456 713 de
484 657 744 733 uenatu,
794 650 1005 735 coepit
1052 650 1403 713 consistens
1448 646 1531 714 ad
1575 650 1790 715 focum
1839 649 2119 715 calefieri
2161 672 2310 715 eum

170 740 512 803 ministris:
576 746 643 802 et
696 747 964 824 repente
1010 737 1179 801 inter
1226 738 1729 804 calefaciendum
1773 737 2122 805 recordans
2167 761 2309 804 uer·
2371 766 2377 771 ·

170 829 356 911 bum,
419 824 589 913 quod
649 826 901 892 dixerat
946 825 1040 890 illi
1098 828 1396 909 antistes,
1457 824 1762 893 discinxit
1808 852 1880 894 se
1927 827 2145 913 gladio
2193 850 2309 894 suo

172 926 242 982 et
286 914 461 981 dedit
502 915 683 981 illum
727 917 1016 980 ministro
1029 963 1047 996 ,
1107 915 1508 1001 festinusque
1553 916 1867 982 accedens
1915 926 2062 982 ante
2107 917 2310 1005 pedes
2368 970 2375 976 .

172 1006 458 1091 episcopi
524 1006 775 1069 conruit
837 1003 1193 1090 postulans,
1246 1013 1317 1068 ut
1364 1005 1488 1069 sibi
1532 1005 1824 1092 placatus
1871 1015 2070 1089 esset,
2141 1006 2310 1094 ‘quia

167 1098 543 1179 numquam’
600 1094 669 1157 in
714 1095 811 1157 uit
868 1090 1191 1179 ‘deinceps
1254 1092 1498 1179 aliquid
1575 1094 1804 1182 loquar
1863 1093 1944 1158 de
2004 1094 2126 1160 hoc
2198 1105 2311 1161 aut

170 1182 501 1266 iudicabo,
607 1184 672 1246 ui
775 1181 891 1251 uel,
939 1191 1251 1267 quantum
1296 1182 1378 1247 de
1422 1186 1694 1270 pecunia
1738 1192 1960 1250 nostra
2011 1182 2156 1249 filiis
2204 1183 2311 1249 dei

170 1271 461 1337 tribuas.'
619 1270 746 1336 uod
789 1268 1013 1335 uidens
1060 1273 1430 1358 episcopus,
1490 1272 1766 1338 multum
1812 1274 2174 1359 pertimuit,
2230 1296 2310 1339 ac

172 1363 393 1427 statim
442 1381 801 1445 exsurgens
844 1360 1090 1428 leuauit
1137 1382 1301 1444 eum,
1350 1364 1734 1448 promittens
1779 1385 1848 1427 se
1893 1362 2169 1427 multum
2214 1364 2310 1428 illi

172 1473 315 1516 esse
360 1450 684 1536 placatum
701 1499 719 1532 ,
787 1447 937 1513 dum
985 1448 1175 1513 modo
1223 1449 1331 1515 ille
1377 1450 1663 1516 residens
1711 1451 1792 1517 ad
1841 1452 2062 1538 epulas
2105 1454 2305 1517 tristi-

168 1542 332 1605 tiam
378 1538 745 1625 deponeret.
808 1538 1111 1625 Dumque
1146 1561 1285 1623 rex,
1332 1540 1594 1605 iubente
1640 1562 1716 1605 ac
1759 1541 2126 1627 postulante
2172 1543 2304 1628 epi·

171 1651 391 1715 scope,
437 1629 750 1693 laetitiam
794 1630 1142 1714 reciperet,
1191 1630 1405 1714 coepit
1452 1652 1487 1693 e
1535 1639 1758 1694 contra
1808 1632 2146 1717 episcopus
2191 1633 2308 1694 tri-

156 1720 287 1792 ‚stis
335 1740 539 1804 usque
584 1716 668 1781 ad
712 1718 1124 1782 lacrimarum
1171 1716 1609 1803 profusionem
1655 1716 1843 1783 effici.
1909 1716 2119 1797 Quem
2153 1718 2307 1783 dum

169 1807 517 1895 presbyter
561 1828 709 1870 suus
755 1805 981 1891 lingua
1024 1807 1253 1892 patria,
1304 1828 1500 1892 quam
1545 1830 1662 1871 rex
1693 1817 1758 1871 et
1789 1805 2124 1872 domestici
2169 1809 2307 1873 eius

168 1918 302 1962 non
359 1903 698 1978 nouerant,
762 1917 963 1981 quare
996 1895 1469 1980 lacrimaretur,
1531 1898 2022 1982 interrogasset:
2088 1894 2305 1981 ‘Scio,'’

169 1986 383 2071 inquit
449 1984 621 2071 ‘quia
663 2006 793 2048 non
850 1984 1054 2048 multo
1113 1994 1406 2070 tempore
1463 1987 1747 2049 uicturus
1794 1995 1892 2050 est
1935 2008 2078 2049 rex:
2143 2008 2302 2050 nun-

171 2097 367 2161 quam
418 2076 587 2139 enim
635 2082 783 2138 ante
827 2072 989 2138 haec
1043 2071 1178 2136 uidi
1235 2072 1543 2139 humilem
1601 2096 1845 2159 regem.
1939 2072 2128 2140 Vnde
2173 2077 2306 2140 ani-

170 2163 511 2229 maduerto
556 2162 737 2227 illum
784 2165 973 2228 citius
1020 2186 1103 2227 ex
1147 2161 1269 2228 hae
1312 2165 1451 2229 uita
1493 2162 1898 2251 rapiendum:
1956 2187 2086 2229 non
2133 2167 2304 2229 enim

171 2254 373 2338 digna
420 2263 517 2317 est
560 2251 721 2317 haec
769 2273 928 2336 gens
972 2253 1173 2317 talem
1217 2251 1458 2318 habere
1503 2254 1858 2319 rectorem!
1913 2251 1981 2318 N
1982 2277 2056 2319 ee
2101 2254 2303 2319 multo

164 2351 315 2430 post
360 2341 502 2406 dira
546 2343 850 2406 antistitis
898 2343 1241 2428 praesagia
1286 2344 1458 2407 tristi
1501 2344 1678 2428 regis
1732 2342 1988 2428 funere,
2049 2341 2128 2407 de
2175 2364 2302 2429 quo

165 2454 366 2519 supra
410 2428 709 2514 diximus,
756 2431 1023 2517 impleta
1069 2439 1234 2495 sunt.

347 2518 482 2587 Sed
549 2529 614 2584 et
670 2521 811 2606 ipse
874 2522 1141 2585 antistes
1210 2516 1427 2584 Aidan
1487 2543 1616 2584 non
1677 2521 1822 2605 plus
1885 2542 2080 2606 quam
2135 2519 2302 2585 XII⁰

164 2618 313 2696 post
360 2611 745 2674 occisionem
791 2612 995 2695 regis,
1057 2631 1249 2695 quem
1296 2609 1584 2687 amabat,
1621 2601 1774 2695 'die,
1837 2608 1905 2673 id
1953 2619 2050 2674 est
2094 2607 2301 2696 pridie

164 2697 501 2764 Kalendas
526 2696 965 2784 Septembres,
1014 2696 1095 2762 de
1142 2699 1399 2762 saeculo
1447 2697 1720 2785 ablatus,
1768 2709 2084 2786 perpetua
2125 2699 2302 2764 labo-

162 2811 309 2853 rum
356 2809 616 2852 suorum
661 2811 699 2852 a
744 2784 1002 2852 domino
1047 2788 1337 2873 praemia
1381 2789 1650 2875 recepit.

1183 3019 1289 3086 15.

162 3177 241 3234 vt
290 3176 619 3246 episcopus
670 3175 869 3231 Aidan
918 3175 1132 3231 nautis
1186 3176 1251 3231 et
1301 3176 1734 3246 tempestatem
1785 3176 2072 3232 futuram
2119 3190 2298 3247 prae-

261 3265 501 3322 dixerit
539 3265 605 3320 et
640 3264 843 3320 oleum
880 3265 1181 3334 sanctum,
1224 3279 1343 3334 quo
1382 3265 1539 3321 hane
1576 3266 1892 3334 sedarent,
1937 3265 2203 3320 dederit.

343 3408 473 3489 Qui
526 3411 705 3475 cuius
764 3411 981 3475 meriti
1038 3409 1259 3494 fuerit,
1324 3411 1521 3476 etiam
1579 3411 2035 3476 miraculorum
2095 3411 2298 3494 signis

160 3500 453 3565 internus
516 3500 761 3564 arbiter
822 3497 1104 3583 edocuit,
1170 3523 1205 3564 e
1255 3500 1489 3585 quibus
1536 3501 1662 3564 tria
1705 3500 2054 3564 memoriae
2100 3520 2298 3563 causa

160 3611 401 3674 ponere
447 3589 603 3653 satis
648 3591 749 3653 sit.
813 3588 1169 3674 Presbyter
1214 3587 1475 3675 quidam
1521 3589 1779 3653 nomine
1825 3587 2006 3672 Vtta,
2053 3587 2297 3654 multae

161 3679 501 3764 grauitatis
548 3700 624 3743 ac
668 3680 963 3743 ueritatis
1006 3679 1108 3742 uir
1155 3686 1221 3742 et
1267 3679 1347 3743 ob
1395 3675 1462 3742 id
1509 3678 1822 3760 omnibus,
1896 3678 2092 3744 etiam
2138 3679 2296 3765 ipsis

160 3768 367 3854 princi
415 3768 563 3832 ibus
623 3767 861 3832 saeculi
904 3767 1324 3852 honorabilis,
1392 3789 1539 3832 cum
1586 3769 1950 3833 mitteretur
1997 3764 2296 3832 Cantiam

160 3857 243 3922 ob
289 3856 374 3922 ad
418 3854 735 3922 ucendam
779 3856 928 3922 inde
988 3857 1332 3942 coniugem
1390 3859 1532 3942 regi
1579 3854 1810 3941 Osuio,
1871 3856 2070 3922 filiam
2115 3855 2290 3920 uide-
