2723 4326
403 216 489 280 64
2391 209 2460 260 11.
2506 209 2551 262 1.

583 391 780 456 Rexit
810 399 1028 456 autem
1059 389 1397 456 ecclesiam
1428 390 1827 476 temporibus
1868 391 2335 476 imperatorum
2367 385 2552 450 Mau-

403 483 546 546 ricii
591 489 658 546 et
700 481 981 545 Focatis.
1077 477 1374 545 Secundo
1428 487 1646 544 autem
1702 478 1988 544 eiusdem
2049 477 2314 541 Focatis
2382 497 2552 540 anno

404 572 726 635 transiens
774 591 854 634 ex
899 569 1022 634 hac
1067 571 1204 633 uita
1247 570 1559 653 migrauit
1602 568 1686 634 ad
1732 589 1977 649 ueram,
2027 588 2194 652 quae
2239 567 2313 628 in
2360 565 2555 632 caelis

405 669 532 743 est,
592 661 818 724 uitam.
913 655 1221 744 Sepultus
1270 679 1423 722 uero
1471 667 1569 722 est
1616 679 1883 742 corpore
1928 658 1994 720 in
2042 655 2322 720 ecelesia
2380 654 2558 718 beati

403 749 588 814 Petri
631 747 929 834 apostoli,
977 756 1129 812 ante
1176 747 1619 827 secretarium,
1668 747 1771 811 die
1819 755 2047 831 quarto
2092 744 2335 810 Iduum
2378 741 2555 807 Mar—

404 839 672 920 tiarum,
724 835 1111 922 quandoque
1156 837 1224 900 in
1269 838 1411 922 ipso
1458 858 1605 900 cum
1652 838 1884 902 ceteris
1932 841 2194 898 sanotae
2242 833 2559 898 ecclesiae

403 926 772 1012 pastoribus
817 934 1294 989 resurrecturus
1340 927 1407 988 in
1454 925 1681 1009 gloria,
1730 926 2169 1011 scriptumque
2215 923 2285 986 in
2332 923 2561 987 tumba

405 1017 605 1102 ipsius
652 1013 1052 1101 epitaphium
1097 1012 1490 1078 huiusmodi:

499 1103 792 1190 Suscipe‚
841 1114 1037 1185 terra,
1085 1111 1197 1167 tuo
1247 1124 1479 1189 corpus
1525 1102 1605 1168 (16
1653 1123 1921 1188 corpore
1968 1109 2268 1176 sumtum,

583 1191 882 1259 Reddere
928 1191 1098 1277 quod
1143 1191 1363 1256 1161668
1408 1189 1778 1256 uiuifioante
1826 1190 1965 1254 (160.

497 1280 780 1370 Spiritus
827 1288 1003 1344 astra
1048 1282 1232 1366 petit,
1279 1281 1394 1346 leti
1439 1281 1531 1345 nil
1574 1281 1717 1344 iura
1762 1279 2108 1360 nocebunt,

589 1369 713 1435 Cui
758 1371 934 1434 uitae
981 1368 1243 1433 alterius
1289 1392 1461 1434 mors
1507 1370 1716 1453 magis
1763 1370 1907 1454 ipsa
1948 1369 2058 1432 uia
2104 1375 2219 1435 est.

498 1456 830 1523 Pontificis
876 1459 1110 1521 summi
1155 1457 1278 1522 hoc
1323 1456 1707 1524 clauduntur
1750 1457 2045 1522 membra
2090 1457 2417 1542 sepulcrO‚

591 1545 723 1625 Qui
767 1547 1120 1610 innumeris
1165 1569 1425 1634 semper
1468 1548 1633 1611 uiuit
1676 1546 1917 1632 ubique
1962 1545 2166 1610 bonis·

498 1637 800 1701 Esuriem
847 1635 1120 1721 dapibus
1167 1637 1517 1722 superauit,
1567 1636 1815 1720 frigora
1860 1643 2060 1718 ueste,

587 1724 806 1810 Atque
850 1725 1099 1789 animas
1145 1727 1404 1790 monitis
1450 1722 1633 1789 texit'
1661 1724 1741 1789 ab
1788 1723 1973 1789 hoste
2020 1724 2239 1788 sacris.

499 1814 952 1900 Implebatque
998 1824 1168 1898 actu,
1219 1813 1532 1899 quidquid
1576 1834 1869 1878 sermone
1916 1812 2213 1896 docebat,

591 1903 787 1968 Esset
831 1911 905 1966 ut
951 1902 1338 1988 exemplum,
1388 1903 1666 1986 mystica
1710 1903 1913 1967 uerba
1958 1901 2251 1987 loquens,

503 1990 611 2056 Ad
658 1991 990 2057 Christum
1035 1990 1285 2076 Anglos
1333 1993 1655 2056 conuertit
1699 1991 1943 2076 pietate
1988 1991 2328 2074 magistra,

593 2078 960 2168 Adquirens
1005 2080 1162 2146 fidei
1198 2081 1464 2166 agmina
1509 2089 1705 2165 gente
1748 2102 1935 2144 noua.

503 2170 634 2236 Hic
656 2172 858 2255 labor,
892 2170 1016 2234 hoc
1041 2169 1342 2254 studium,
1377 2169 1537 2235 11660
1556 2170 1676 2235 tibi
1696 2192 1868 2254 01116,
1902 2169 2025 2234 1100
2047 2177 2271 2255 pastor
2295 2168 2567 2254 6861168,

593 2260 691 2327 Ut
737 2260 995 2335 domino
1043 2260 1308 2323 offerres
1355 2260 1633 2345 plurima
1677 2259 1859 2323 lucra
1903 2260 2143 2343 816818.

503 2348 756 2435 Hisque
802 2349 909 2414 dei
955 2350 1176 2413 consul
1221 2348 1429 2413 factus
1476 2348 1718 2412 laetare
1763 2346 2134 2434 triumphis:

593 2437 770 2502 Nam
815 2438 1185 2502 mercedem
1233 2458 1497 2522 operum
1544 2438 1673 2500 iam
1720 2437 1859 2501 sine
1904 2434 2033 2501 fine
2080 2445 2283 2500 tenes.

593 2526 737 2591 Nec
803 2526 1055 2591 silentio
1121 2523 1597 2612 praetereunda
1660 2526 1874 2610 opinio
1892 2576 1911 2608 ,
1982 2546 2147 2610 quae
2218 2522 2301 2589 de
2372 2525 2571 2590 beato

419 2612 742 2700 Gregorio
801 2614 1146 2680 traditione
1200 2616 1515 2678 maiorum
1576 2612 1659 2677 ad
1703 2636 1819 2678 nos
1864 2636 2069 2699 usque
2128 2614 2385 2699 perlata
2439 2624 2568 2679 est:

418 2726 545 2789 qua
597 2702 902 2770 uidelicet
958 2726 1042 2768 ex
1087 2726 1284 2768 eausa
1329 2701 1691 2767 admonitus
1738 2712 1874 2768 tam
1922 2701 2211 2767 sedulam
2258 2724 2425 2787 erga
2472 2726 2571 2767 sa-

415 2792 622 2856 lutem
665 2802 920 2857 nostrae
981 2793 1192 2876 gentis
1247 2813 1470 2857 curam
1526 2793 1819 2876 gesserit.
1911 2790 2185 2874 Dicunt,
2248 2794 2407 2877 quia
2464 2791 2573 2857 die

420 2878 698 2965 quadam
765 2903 910 2945 oum
981 2880 1472 2945 aduenientibus
1544 2902 1751 2966 nuper
1821 2882 2289 2945 mercatoribus
2362 2881 2575 2945 multa

418 2968 676 3033 uenalia
719 2970 786 3034 in
831 2970 1042 3033 forum
1088 2969 1361 3033 fuissent
1408 2969 1679 3053 conlata,
1727 2969 2042 3055 multique
2088 2968 2172 3035 ad
2218 2969 2573 3035 emendum

420 3057 905 3144 confluxissent,
969 3066 1034 3123 et
1076 3060 1288 3143 ipsum
1333 3056 1731 3141 Gregorium
1787 3059 1957 3122 inter
2014 3059 2173 3123 alios
2220 3059 2573 3126 aduenisse

417 3170 495 3212 60
540 3145 779 3212 111(11886
823 3150 992 3213 inter
1038 3147 1166 3212 alia
1210 3168 1447 3233 pueros
1503 3144 1763 3211 uenales
1818 3149 2063 3232 positos
2120 3147 2384 3213 candidi
2432 3172 2577 3215 cor-

417 3238 592 3322 poris
625 3258 702 3301 60
731 3238 987 3301 uenusti
1017 3237 1253 3317 uultus,
1303 3234 1677 3321 capillorum
1710 3256 1964 3321 quoque
2011 3237 2225 3301 forma
2273 3240 2571 3324 egregia.

419 3324 594 3403 Quos
643 3349 789 3390 cum
835 3327 1175 3413 aspiceret,
1222 3326 1669 3410 interrogauit,
1719 3333 1792 3388 ut
1834 3327 2034 3410 aiunt,
2084 3322 2166 3391 de
2214 3347 2347 3411 qua
2392 3328 2573 3413 regi-

420 3436 542 3477 one
599 3415 706 3480 uel
765 3424 941 3479 terra
999 3422 1217 3478 essent
1273 3411 1491 3480 adlati.
1584 3414 1983 3499 Dictumque
2047 3422 2174 3497 est,
2247 3416 2426 3500 quod
2492 3416 2575 3481 de

419 3500 744 3568 Brittania
788 3503 1016 3586 insula,
1055 3500 1245 3567 'cuius
1282 3502 1529 3567 incolae
1560 3503 1708 3567 talis
1755 3511 1970 3567 essent
2015 3512 2339 3589 aspectus.
2406 3506 2577 3570 Rur-

420 3612 526 3655 sus
571 3594 1029 3678 interrogauit,
1094 3600 1313 3656 utrum
1358 3591 1554 3657 iidem
1601 3592 1877 3655 insulani
1924 3590 2281 3657 Christiani
2328 3617 2415 3659 an
2462 3617 2575 3683 pa·

422 3681 607 3763 ganis
661 3678 868 3746 adhuc
922 3681 1248 3746 erroribus
1303 3690 1519 3746 essent
1572 3680 1903 3767 implicati.
1995 3680 2403 3769 Dictumque
2452 3694 2574 3767 est,

423 3766 594 3851 quod
639 3778 856 3833 essent
899 3770 1159 3854 pagani.
1237 3767 1330 3833 At
1374 3768 1501 3852 ille,
1549 3770 1773 3834 intimo
1822 3792 1904 3835 ex
1951 3767 2147 3835 corde
2192 3770 2395 3856 101186
2442 3783 2571 3839 tra-

421 3853 580 3920 hens
627 3858 927 3943 suspiria:
993 3856 1193 3941 ‘Heu,
1240 3880 1358 3943 pro
1405 3856 1585 3922 dolor
1604 3859 1641 3921 2'
1687 3860 1897 3944 inquit
1946 3857 2138 3944 ‘quod
2184 3868 2325 3924 tam
2374 3861 2575 3929 lucidi
