2723 4326
428 178 561 242 256
2399 172 2474 223 v.
2521 170 2608 224 16.

1448 493 1550 555 16.

430 652 598 724 Quae
624 650 690 706 ln
716 650 926 708 eodem
961 649 1129 705 libro
1157 649 1231 705 de
1256 649 1395 705 loco
1435 647 1779 704 domInlcao
1818 646 2213 716 natlultatls,
2255 650 2599 718 passionis

882 738 947 795 et
984 735 1474 794 resurrectionis
1512 736 2111 793 commemorauerlt.

610 882 880 970 Scripsit
943 904 1099 967 ergo
1160 881 1239 945 de
1284 880 1424 945 loco
1483 876 1839 944 dominicae
1885 881 2236 945 natiuitatis
2285 882 2358 944 in
2411 881 2598 946 hunc

432 971 726 1038 modum:
783 970 1143 1036 ‘Bethleem
1200 971 1428 1035 ciuitas
1481 966 1701 1033 Dauid
1753 970 1822 1033 in
1878 966 2068 1033 dorso
2131 970 2255 1034 sita
2313 980 2424 1034 est
2477 994 2594 1035 an-

433 1071 623 1148 gusto
670 1084 752 1126 ex
798 1062 973 1125 omni
1018 1068 1201 1146 parte
1262 1057 1536 1123 uallibus
1595 1054 1992 1123 circumdato
2012 1109 2029 1141 ,
2090 1057 2172 1122 ab
2233 1058 2596 1125 occidente

434 1154 500 1217 in
560 1152 873 1217 orientem
930 1149 1102 1213 mille
1163 1148 1458 1234 passibus
1515 1145 1742 1231 longa,
1803 1145 2032 1211 humili
2091 1148 2228 1211 sine
2282 1149 2595 1213 turribus

434 1262 618 1306 muro
665 1262 782 1325 per
828 1246 1117 1303 extrema
1162 1236 1339 1322 plani
1369 1236 1630 1300 uerticis
1661 1236 2000 1318 instruct03
2049 1237 2116 1299 in
2147 1236 2330 1300 cuius
2363 1240 2590 1302 orien-

434 1330 552 1394 tali
598 1328 834 1412 angulo
880 1328 1064 1413 quasi
1094 1322 1416 1410 quoddam
1447 1324 1738 1389 naturale
1767 1326 2186 1390 semiantrum
2217 1333 2337 1410 est,
2387 1329 2588 1391 cuius

434 1418 721 1483 exterior
781 1437 930 1502 pars
992 1414 1346 1480 natiuitatis
1400 1413 1762 1479 dominicae
1819 1413 2019 1478 fuisse
2071 1411 2308 1479 dicitur
2352 1414 2582 1500 locus3

434 1505 698 1571 interior
745 1504 1067 1591 Praesepe
1114 1501 1357 1568 domini
1401 1503 1784 1567 nominatur.
1876 1500 2061 1567 Haec
2092 1502 2404 1590 spelunca
2437 1514 2585 1569 tota

435 1597 699 1661 interius
744 1594 1026 1681 pretioso
1072 1614 1394 1657 marmore
1438 1600 1609 1657 tecta
1655 1612 1849 1677 supra
1899 1593 2138 1675 locum,
2197 1592 2314 1657 ubi
2362 1592 2572 1657 domi-

436 1706 555 1749 nus
610 1692 797 1749 natus
860 1680 1199 1769 specialius
1259 1679 1536 1747 traditur
1551 1728 1568 1759 ‚
1633 1689 1893 1745 sanctae
1939 1679 2190 1745 Mariae
2249 1681 2580 1765 grandem

436 1782 652 1859 gestat
709 1771 1087 1838 ecclesiam)
1180 1769 1455 1857 Scripsit
1500 1772 1659 1835 item
1705 1768 1825 1833 hoc
1870 1768 2061 1834 modo
2108 1768 2190 1834 de
2232 1769 2376 1835 loco
2425 1795 2578 1859 pas-

436 1865 633 1927 sionis
678 1885 755 1926 ac
800 1862 1281 1927 resurrectionis
1340 1860 1544 1924 illius:
1608 1857 1946 1943 ‘Ingressis
1991 1881 2032 1924 a
2077 1862 2576 1945 septentrionali

436 1959 623 2037 parte
666 1949 897 2015 urbem
925 1947 1465 2034 Hierosolymam,
1513 1949 1793 2035 primum
1839 1944 1919 2011 de
1963 1946 2118 2012 locis
2164 1951 2403 2013 sanctis
2452 1972 2572 2036 pro

447 2037 819 2104 condicione
864 2037 1226 2127 platearum
1273 2035 1722 2102 diuertendum
1766 2044 1864 2101 est
1909 2035 1993 2101 ad
2024 2035 2366 2103 ecclesiam
2397 2035 2571 2103 Con-

433 2130 913 2212 stantinianam,
961 2149 1126 2214 quae
1155 2123 1544 2214 Martyrium
1574 2123 1951 2214 appellatur.
2029 2124 2220 2192 Hanc
2252 2124 2569 2193 Constan-

437 2221 606 2284 tinus
652 2221 1022 2305 imperator,
1070 2239 1146 2281 eo
1182 2216 1352 2302 quod
1384 2217 1472 2281 ibi
1505 2237 1664 2280 crux
1695 2214 1938 2280 domini
1968 2215 2050 2280 ab
2075 2214 2328 2282 Helena
2357 2229 2570 2282 matre

436 2316 692 2395 reperta
738 2309 840 2391 sit,
889 2305 1233 2390 magnifico
1280 2315 1346 2370 et
1393 2306 1573 2392 regio
1620 2305 1796 2369 cultu
1841 2306 2216 2370 construxit.
2310 2305 2566 2372 Dehinc

434 2397 521 2462 ab
568 2418 799 2462 occasu
818 2393 1234 2479 Golgothana
1278 2392 1537 2460 uidetur
1582 2392 1874 2477 ecclesia,
1907 2395 1974 2457 in
2005 2415 2133 2480 qua
2163 2394 2358 2458 etiam
2387 2399 2566 2482 rupis

437 2494 711 2573 apparet
755 2484 884 2568 illa,
934 2505 1099 2570 quae
1145 2482 1468 2570 quondam
1512 2485 1719 2569 ipsam
1764 2479 1976 2547 adfixo
2022 2483 2266 2548 domini
2299 2506 2566 2570 corpore

435 2597 698 2640 crucem
744 2573 1008 2662 pertulit
1026 2625 1045 2658 ,
1102 2582 1480 2657 argenteam
1533 2571 1722 2636 modo
1767 2572 2202 2657 pergrandem
2247 2575 2566 2638 sustinens

438 2686 695 2730 crucem
706 2712 724 2746 ,
791 2661 1111 2749 pendente
1162 2684 1402 2746 magna
1457 2659 1729 2748 desuper
1791 2682 1986 2725 aerea
2030 2669 2176 2726 rota
2221 2684 2369 2726 cum
2414 2663 2565 2727 lam-

437 2752 730 2840 padibus.
802 2751 984 2817 Infra
1039 2754 1252 2838 ipsum
1307 2772 1461 2815 uero
1522 2751 1732 2814 locum
1779 2747 2134 2814 dominicae
2183 2753 2413 2834 crucis,
2463 2773 2565 2816 ex·

439 2842 575 2906 cisa
618 2843 685 2904 in
729 2851 917 2927 petra
962 2850 1191 2927 crypta
1237 2850 1351 2924 est,
1387 2841 1450 2903 in
1483 2861 1610 2926 qua
1641 2860 1834 2924 super
1864 2837 2068 2903 altare
2097 2861 2216 2926 pro
2248 2839 2564 2905 defunctis

440 2929 765 2995 honoratis
813 2927 1193 2995 sacrificium
1240 2929 1402 2993 solet
1443 2928 1681 3010 offerri,
1709 2928 1934 3014 positis
1965 2928 2226 2993 interim
2255 2929 2324 2994 in
2353 2928 2565 3015 platea

438 3019 829 3107 corporibus.
899 3017 1111 3083 Huius
1157 3040 1410 3105 quoque
1453 3015 1538 3082 ad
1583 3039 1880 3081 occasum
1926 3015 2258 3102 ecclesiae,
2291 3016 2560 3084 Anasta-

438 3109 555 3192 siS,
610 3106 733 3173 hoc
789 3117 887 3174 est
948 3108 1433 3172 resurrectionis
1505 3104 1860 3170 dominicae
1925 3103 2202 3170 rotunda
2274 3109 2558 3190 ecclesia,

439 3198 645 3262 tribus
694 3199 904 3263 cincta
948 3196 1330 3283 parietibus,
1392 3193 1534 3258 XII
1579 3195 1890 3259 columnis
1937 3203 2352 3280 sustentatur,
2403 3197 2560 3260 inter

439 3288 718 3375 parietes
766 3287 1049 3372 singulos
1093 3285 1298 3350 latum
1341 3283 1588 3349 habens
1641 3284 1918 3370 spatium
1978 3286 2124 3349 uiae
2142 3335 2161 3368 ,
2218 3307 2389 3370 quae
2444 3287 2560 3350 tria

436 3379 671 3442 altaria
716 3378 782 3442 in
828 3376 1033 3440 tribus
1092 3376 1251 3439 locis
1310 3373 1576 3460 parietis
1633 3371 1828 3437 medii
1885 3375 2170 3438 continet
2183 3424 2202 3457 ,
2280 3373 2403 3438 hoc
2469 3383 2558 3437 est

440 3466 740 3550 australi,
806 3464 1153 3552 aquilonali
1211 3472 1275 3528 et
1343 3460 1738 3527 occidentali.
1831 3459 2016 3528 Haec
2078 3461 2178 3526 bis
2224 3471 2556 3548 quaternas

440 3564 678 3642 portas,
723 3553 789 3618 id
835 3561 935 3619 est
977 3553 1293 3636 introitus,
1340 3573 1458 3640 per
1501 3560 1635 3616 tres
1682 3574 1718 3617 e
1740 3549 2001 3635 regione
2046 3552 2328 3637 parietes
2350 3552 2555 3633 habet,

438 3666 476 3707 e
522 3643 754 3730 quibus
799 3641 945 3708 ΠΠ
989 3640 1072 3708 ad
1116 3642 1528 3724 Vulturnum,
1578 3648 1643 3706 et
1672 3637 1818 3704 IIII
1863 3639 1944 3705 ad
1975 3638 2222 3704 Eurum
2253 3649 2552 3727 spectant.

442 3730 651 3798 Huius
710 3735 777 3798 in
836 3730 1049 3797 medio
1109 3739 1597 3795 monumentum
1664 3728 1905 3794 domini
1972 3728 2318 3794 rotundum
2385 3740 2553 3818 petra

439 3822 724 3885 excisum
774 3831 889 3904 est,
938 3823 1116 3885 cuius
1163 3818 1418 3884 culmen
1469 3819 1852 3884 intrinsecus
1915 3825 2088 3883 stans
2134 3815 2327 3883 homo
2373 3839 2550 3884 manu
