2723 4326
150 224 259 277 ΙΙΙ.
296 227 348 281 7.
2161 229 2194 292 1
2213 229 2294 293 13

1190 545 1259 610 ,7.

149 700 241 758 vt
265 692 596 771 prouincia.
614 663 1435 758 occidentaliumSaxonum
1458 702 1717 757 uerbum
1743 702 1864 773 del,
1892 703 2295 773 praedicante

190 791 440 859 Birino,
481 790 863 861 susceper1t3
903 790 969 846 et
1006 792 1079 846 de
1118 791 1586 847 successoribus
1625 790 1756 847 eius
1794 792 2158 859 Agllbercte
2195 793 2260 849 et

1042 879 1404 935 Leutherlo.

336 1023 435 1087 Eo
482 1033 775 1110 tempore
820 1045 979 1108 gens
1027 1021 1537 1091 occidentalium
1581 1022 1939 1105 Saxonum,
1975 1028 2084 1113 qui
2130 1028 2290 1091 anti—

146 1114 377 1199 quitus
409 1110 725 1179 Greuissae
754 1122 1085 1197 uocantur,
1120 1123 1435 1199 regnante
1469 1112 1802 1201 Cynigilso
1833 1112 2027 1181 fidem
2054 1115 2296 1182 Christi

152 1204 470 1289 suscepit,
531 1202 941 1289 praedicante
999 1203 1125 1267 illis
1186 1202 1459 1268 uerbum
1503 1203 1731 1269 Birino
1783 1205 2122 1292 episcope,
2185 1206 2294 1290 qui

143 1312 305 1355 -cum
352 1291 613 1355 consilio
658 1314 867 1379 papae
913 1289 1189 1357 Honorii
1234 1301 1504 1357 uenerat
1549 1290 1966 1377 Brittaniam3
2026 1298 2290 1380 promit-

152 1390 298 1445 tens
356 1380 615 1466 quidem
662 1402 733 1445 se
778 1380 885 1446 illo
932 1391 1269 1467 praesente
1314 1383 1382 1447 in
1427 1382 1670 1447 intimis
1715 1383 1886 1447 ultra
1929 1380 2292 1469 Anglorum

145 1469 476 1557 partibus,
540 1491 665 1555 quo
722 1470 933 1535 nullus
994 1468 1217 1535 doctor
1275 1473 1764 1556 praecessisset,
1825 1480 2087 1537 sanctae
2143 1472 2294 1539 fidei

152 1560 403 1623 semina
448 1581 592 1624 esse
638 1578 1027 1645 sparsurum.
1100 1556 1288 1624 Vnde
1322 1570 1390 1625 et
1417 1560 1594 1625 iussu
1642 1560 1928 1626 eiusdem
1972 1560 2292 1647 pontificis

150 1670 275 1735 per
318 1645 651 1713 Asterium
699 1646 1111 1715 Genuensem
1159 1650 1535 1735 episcopum
1578 1650 1644 1713 in
1691 1651 2096 1737 episcopatus
2143 1674 2293 1715 con-

143 1746 442 1802 secratus
487 1746 585 1801 est
630 1736 922 1821 gradum.
1002 1735 1133 1803 Sed
1176 1736 1569 1803 Brittaniam
1613 1741 1994 1825 perueniens
2039 1763 2118 1805 ac
2162 1742 2290 1827 pri-

152 1848 332 1891 mum
381 1824 802 1893 Greuissorum
847 1834 1109 1912 gentem
1155 1826 1544 1911 ingrediens,
1593 1849 1740 1892 cum
1785 1850 2007 1893 omnes
2051 1829 2292 1895 ibidem

153 1917 623 2003 paganissimos
680 1917 1025 1997 inueniret,
1092 1914 1309 1980 utilius
1371 1938 1512 1981 esse
1569 1927 1744 1981 ratus
1793 1926 1892 1982 est
1939 1916 2032 1981 ibi
2078 1920 2292 2005 potius

151 2004 427 2069 uerbum
470 2004 873 2091 praedicare,
932 2027 1125 2091 quam
1172 2005 1343 2069 ultra
1391 2004 1810 2091 progrediens
1859 2028 2001 2092 eos,
2062 2008 2292 2095 quibus

152 2092 528 2182 praedicare
574 2092 861 2179 deberet,
910 2094 1249 2181 inquirere.

330 2183 565 2270 Itaque
612 2185 1097 2268 euangelizante
1128 2185 1237 2249 illo
1284 2185 1351 2249 in
1400 2185 1697 2272 praefata
1740 2186 2092 2273 prouincia,
2141 2209 2289 2250 cum

150 2295 269 2337 rex
314 2274 455 2358 ipse
500 2272 953 2358 cathecizatus,
1000 2273 1179 2338 fonte
1223 2274 1530 2360 baptismi
1575 2296 1722 2339 cum
1769 2297 1884 2338 sua
1930 2283 2126 2359 gente
2171 2275 2282 2340 ab·

147 2361 457 2444 lueretur,
484 2363 777 2446 ¹contigit
820 2371 972 2427 tunc
1016 2365 1329 2449 temporis
1373 2365 1844 2428 sanctissimum
1877 2385 1952 2428 ae
1983 2365 2282 2428 uictorio-

147 2452 475 2514 sissimum
533 2472 756 2534 regem
814 2451 880 2516 N
884 2450 1506 2537 ordanhymbrorum
1568 2450 1924 2517 Osualdum
1982 2451 2283 2538 adfuisse,

145 2559 426 2625 eumque
471 2538 552 2604 de
596 2541 853 2606 lauacro
902 2550 1243 2606 exeuntem
1288 2542 1676 2627 suscepisse,
1733 2563 1810 2606 ac
1854 2540 2286 2626 pulcherrimo

148 2651 414 2715 prorsus
459 2638 523 2694 et
569 2628 688 2695 deo
736 2628 934 2714 digno
994 2631 1341 2715 consortio,
1405 2632 1584 2694 cuius
1645 2639 1786 2695 erat
1842 2629 2042 2695 filiam
2105 2652 2284 2696 aecer

147 2728 379 2804 pturus
401 2719 469 2782 in
494 2719 852 2803 coniugem,
898 2720 1111 2804 ipsum
1155 2720 1333 2805 prius
1379 2716 1682 2784 secunda
1703 2721 2124 2805 generatione
2163 2719 2282 2785 deo

143 2807 516 2873 dedicatum
550 2807 673 2872 sibi
706 2810 957 2894 accepit
986 2810 1052 2872 in
1082 2808 1302 2873 filium.
1368 2807 1792 2874 Donauerunt
1831 2818 2047 2873 autem
2091 2809 2282 2874 ambo

148 2918 339 2980 reges
386 2894 592 2961 eidem
639 2899 939 2983 episcopo
986 2899 1336 2982 ciuitatem,
1385 2920 1550 2984 quae
1594 2908 1866 2963 uocatur
1894 2899 2152 2983 Dorcio,
2199 2898 2282 2965 ad

147 2984 516 3050 faciendum
560 2986 719 3050 inibi
763 2985 985 3051 sedem
1032 2986 1489 3073 episcopalem3
1550 2987 1663 3052 ubi
1708 2987 1896 3052 factis
1944 2985 2280 3053 dedicatis-

145 3097 273 3161 que
322 3074 624 3160 ecclesiis,
678 3075 1023 3161 multisque
1068 3074 1149 3140 ad
1195 3075 1526 3140 dominum
1573 3077 1678 3162 pio
1727 3078 1860 3141 eius
1904 3076 2127 3142 labore
2171 3099 2282 3163 po-

142 3164 315 3251 pulis
358 3163 710 3250 aduocatis,
760 3166 1068 3250 migrauit
1114 3163 1194 3228 ad
1240 3163 1588 3248 dominum,
1637 3187 1708 3230 se
1755 3164 2050 3251 ultusque
2087 3175 2184 3229 est
2214 3167 2281 3229 in

142 3252 378 3319 eadem
409 3255 691 3338 ciuitate,
740 3263 977 3340 etpost
1005 3277 1205 3320 annos
1234 3254 1490 3336 multos,
1537 3252 1685 3318 Hae
1729 3253 1809 3318 de
1841 3255 2280 3340 episcopatum

140 3351 413 3426 agente,
481 3343 829 3408 translatus
887 3343 1037 3408 inde
1096 3345 1163 3408 in
1208 3343 1493 3422 Ventam
1553 3344 1882 3407 ciuitatem
1953 3351 2147 3428 atque
2213 3345 2280 3408 in

144 3432 425 3498 ecclesia
467 3431 804 3497 beatorum
852 3432 1288 3518 apostolorum
1326 3431 1508 3496 Petri
1541 3440 1606 3496 et
1637 3431 1824 3495 Pauli
1868 3432 2115 3517 positus
2161 3440 2278 3498 est.

323 3520 651 3586 Defuncto
696 3530 914 3586 autem
962 3530 1028 3586 et
1072 3543 1258 3606 rege,
1325 3521 1633 3586 successit
1677 3521 1746 3585 in
1789 3542 2066 3604 regnum
2109 3519 2280 3586 filius

140 3610 283 3676 eius
314 3608 688 3694 Ooinualch,
736 3611 846 3696 qui
878 3618 943 3674 et
972 3608 1167 3676 fidem
1200 3633 1276 3675 ac
1308 3617 1712 3674 sacramenta
1755 3611 1942 3694 regni
1987 3610 2280 3676 caelestis

141 3701 475 3786 suscipere
518 3699 795 3784 rennuit,
846 3709 909 3764 et
936 3721 1063 3764 non
1096 3699 1296 3765 multo
1326 3708 1472 3786 post
1503 3700 1697 3764 etiam
1726 3699 1917 3782 regni
1955 3701 2280 3765 terrestris

142 3789 503 3874 potentiam
547 3787 845 3876 perdidit.
908 3787 1269 3875 Repudiata
1314 3790 1486 3854 enim
1531 3809 1750 3853 sorore
1796 3786 2060 3853 Pendan
2103 3791 2279 3874 regis

142 3875 539 3944 Merciorum
550 3929 569 3962 ,
618 3899 813 3963 quam
856 3876 1149 3964 duxerat,
1198 3879 1392 3944 aliam
1449 3878 1702 3964 accepit
1747 3899 2048 3964 uxorem3
2102 3877 2275 3944 ideo-

302 3983 485 4024 Baedae
511 3983 621 4022 hist.
650 3983 763 4023 eccl.
1926 3983 1960 4040 8
