2723 4326
385 147 468 212 72
2366 141 2447 196 Π.
2492 143 2549 198 5.

1425 322 1486 386 5.

381 462 462 520 Vt
515 460 831 518 defunctis
885 459 1286 517 Aedilbercto
1341 459 1409 516 et
1462 459 1760 517 Sabercto
1816 459 2075 528 regibus
2132 473 2547 518 successores

469 565 682 608 eorum
717 548 1081 606 idolatriam
1118 547 1594 618 resuscitarint,
1635 549 1711 605 ob
1750 548 1912 616 quod
1951 549 2015 604 et
2049 546 2338 606 Mellitus
2377 564 2461 604 ae

888 637 1104 694 Iustus
1144 652 1182 693 a
1217 636 1545 693 Brittania
1581 636 2015 693 discesserim.

560 764 752 831 Anno
811 765 895 831 ab
955 765 1399 831 incarnatione
1456 764 1776 830 dominica
1820 762 2183 848 DC⁰XV1⁰,
2258 766 2373 851 qui
2440 776 2549 830 est

383 877 586 924 annus
647 857 987 920 uicesimus
1045 856 1323 941 primus,
1387 876 1470 918 ex
1515 875 1640 940 quo
1687 852 2091 940 Augustinus
2137 875 2287 918 cum
2340 856 2546 920 sociis

383 944 468 1012 ad
512 942 1019 1032 praedicandum
1065 944 1248 1028 genti
1293 940 1657 1027 Anglorum
1701 944 1935 1007 missus
1982 951 2100 1027 est,
2147 941 2547 1010 Aedilberct

381 1057 501 1100 rex
533 1032 1025 1099 Cantuariorum
1057 1040 1203 1119 post
1247 1051 1525 1116 regnum
1568 1032 1944 1118 temporale,
1993 1031 2165 1118 quod
2211 1034 2543 1119 quinqua·

384 1125 567 1208 ginta
598 1131 664 1188 et
694 1143 812 1187 sex
841 1123 1026 1188 annis
1057 1121 1514 1206 gloriosissime
1558 1129 1873 1205 tenuerat,
1921 1130 2184 1186 aeterna
2230 1122 2541 1187 caelestis

383 1212 573 1299 regni
620 1211 860 1296 gaudia
904 1209 1128 1275 subiit:
1179 1210 1290 1295 qui
1335 1211 1565 1276 tertius
1596 1209 1855 1296 quidem
1885 1211 1954 1275 in
1995 1209 2265 1295 regibus
2308 1213 2539 1294 gentis

385 1301 778 1385 Anglorum,
850 1301 1096 1363 cunctis
1141 1296 1554 1363 Australibus
1618 1321 1843 1364 eorum
1908 1299 2290 1386 prouinciis,
2361 1321 2539 1385 quae

385 1388 725 1454 Humbrae
781 1386 977 1452 fluuio
1025 1396 1091 1452 et
1133 1388 1457 1472 contiguis
1504 1389 1564 1452 ei
1607 1387 1896 1452 terminis
1956 1396 2451 1474 sequestrantur
2472 1411 2539 1472 *a

384 1477 796 1561 Borealibus,
852 1477 1224 1563 imperauit3
1296 1476 1410 1542 sed
1463 1477 1710 1562 primus
1766 1478 2051 1541 omnium
2107 1476 2271 1542 caeli
2324 1499 2540 1562 regna

387 1565 774 1632 conscendit.
869 1563 1041 1630 Nam
1086 1567 1330 1653 primus
1389 1566 1729 1653 imperium
1784 1563 2148 1631 huiusmodi
2192 1563 2365 1630 Aelli
2410 1589 2539 1631 rex

385 1655 784 1721 Australium
831 1650 1188 1739 Saxonum3
1238 1653 1557 1726 secundus
1588 1652 1812 1720 Caelin
1856 1677 1975 1720 rex
2007 1651 2537 1720 occidentalium

387 1742 740 1825 Saxonum,
789 1745 900 1830 qui
929 1743 1152 1831 lingua
1181 1764 1404 1808 eorum
1437 1740 1704 1809 Ceaulin
1734 1743 2113 1826 uocabatur3
2163 1744 2415 1826 tertius,
2459 1753 2535 1808 ut

388 1835 543 1918 dixi,
592 1832 969 1899 Aedilberct
1013 1855 1134 1898 rex
1176 1830 1705 1917 Cantuariorum3
1755 1841 2020 1919 quartus
2066 1831 2360 1898 Reduald
2405 1855 2535 1898 rex

389 1921 821 1989 Orientalium
840 1922 1223 2006 Anglorum,
1252 1923 1363 2007 qui
1385 1923 1581 1986 etiam
1596 1923 1857 1986 uiuente
1876 1919 2295 1987 Aedilbercto
2314 1922 2532 1988 eidem

389 2033 543 2078 suae
562 2013 743 2096 genti
762 2011 1066 2077 ducatum
1086 2011 1464 2098 praebebat,
1496 2009 1799 2096 obtinuit3
1834 2013 2093 2097 quintus
2113 2008 2396 2075 Aeduini
2410 2033 2536 2076 rex

387 2099 1075 2188 Nordanhymbrorum
1121 2101 1354 2186 gentis,
1401 2098 1466 2163 id
1502 2108 1602 2165 est
1647 2100 1803 2184 eius,
1851 2121 2016 2187 quae
2060 2097 2144 2165 ad
2176 2098 2528 2166 Borealem

389 2190 728 2257 Humbrae
795 2189 1077 2255 fluminis
1151 2189 1415 2276 plagam
1490 2189 1839 2273 inhabitat,
1917 2189 2161 2255 maiore
2237 2192 2533 2277 potentia

391 2283 668 2365 cunctis,
735 2282 846 2366 qui
901 2278 1288 2345 Brittaniam
1349 2278 1661 2362 incolunt,
1729 2276 1835 2343 An
1885 2278 2093 2343 lorum
2158 2280 2401 2364 pariter
2465 2289 2533 2344 et

389 2368 774 2435 Brettonum
830 2367 1082 2455 populis
1129 2366 1437 2455 praefuit,
1522 2374 1783 2453 praeter
1886 2368 2195 2432 antuariis
2242 2376 2519 2452 tantum3

388 2480 509 2524 nec
539 2480 667 2523 non
699 2467 765 2522 et
793 2456 1127 2523 Meuanias
1157 2456 1544 2522 Brettonum
1584 2455 1843 2541 insulas,
1893 2478 2058 2543 quae
2087 2458 2259 2522 inter
2289 2456 2527 2522 Hiber-

387 2548 563 2612 niam
597 2556 662 2611 et
690 2545 1080 2612 Brittaniam
1112 2546 1272 2611 sitae
1305 2553 1475 2626 sunt,
1523 2543 1886 2629 Anglorum
1918 2546 2193 2612 subiecit
2222 2547 2523 2632 imperi03

390 2645 608 2702 sextus
674 2634 921 2702 Osuald
982 2644 1048 2701 et
1106 2636 1246 2722 ipse
1302 2632 1995 2720 Nordanhymbrorum
2054 2656 2173 2700 rex
2216 2633 2524 2701 Christia-

388 2726 720 2809 missimus,
769 2723 1018 2790 hisdem
1064 2723 1298 2789 finibus
1343 2744 1621 2807 regnum
1664 2726 1903 2807 tenuit3
1963 2726 2273 2811 septimus
2321 2721 2527 2789 Osuiu

391 2814 595 2878 frater
620 2814 776 2897 eius,
808 2813 1180 2899 aequalibus
1210 2834 1377 2900 pene
1408 2813 1696 2875 terminis
1726 2834 2003 2897 regnum
2035 2812 2333 2878 nonnullo
2365 2821 2523 2877 tem-

390 2924 550 2990 pore
595 2924 919 2986 coercens,
967 2902 1297 2966 Pictorum
1346 2922 1599 2987 quoque
1630 2910 1825 2988 atque
1856 2899 2227 2968 Scottorum
2274 2911 2521 2987 gentes,

393 3012 560 3078 quae
607 2991 1138 3077 septentrionales
1183 2990 1543 3055 Brittaniae
1589 2990 1747 3055 fines
1804 2998 2056 3075 tenent,
2117 2991 2402 3057 maxima
2446 3014 2525 3056 ex

391 3089 579 3168 parte
609 3078 975 3167 perdomuit
1005 3103 1081 3146 ac
1109 3079 1485 3145 tributarias
1514 3078 1686 3144 fecit.
1744 3076 1876 3145 Sed
1905 3079 2067 3145 haec
2097 3078 2520 3166 postmodum.

571 3168 934 3236 Defunctus
1007 3189 1164 3234 uero
1235 3176 1334 3234 est
1396 3190 1515 3234 rex
1576 3166 1955 3234 Aedilberct
2030 3166 2135 3234 die
2211 3169 2524 3254 uigesima

395 3269 626 3345 quarta
671 3260 906 3325 mensis
951 3259 1292 3325 Februarii
1349 3266 1496 3343 post
1540 3258 1776 3341 uiginti
1822 3267 1886 3323 et
1932 3280 2133 3323 unum
2178 3279 2376 3323 annos
2420 3279 2521 3323 ac-

393 3358 620 3435 ceptae
666 3348 818 3414 fidei
854 3358 1049 3436 atque
1079 3349 1148 3412 in
1174 3348 1431 3433 porticu
1462 3348 1666 3412 sancti
1695 3345 1960 3411 Martini
1989 3349 2163 3413 intra
2194 3345 2523 3413 ecclesiam

391 3437 728 3504 beatorum
796 3436 1228 3525 apostolorum
1292 3436 1472 3501 Petri
1538 3444 1605 3500 et
1662 3434 1847 3500 Pauli
1914 3437 2201 3523 sepultus
2211 3486 2231 3520 ,
2295 3435 2404 3500 ubi
2460 3447 2523 3502 et

393 3524 665 3593 Berctae
713 3528 970 3594 condita
1015 3535 1132 3593 est.

574 3614 703 3693 Qui
745 3617 914 3683 inter
960 3625 1178 3683 cetera
1221 3615 1421 3699 bona,
1484 3635 1650 3701 quae
1707 3615 1888 3698 genti
1933 3636 2088 3679 suae
2145 3610 2521 3678 consulendo

395 3704 793 3783 conferebat,
850 3708 1047 3771 etiam
1092 3703 1352 3769 decreta
1396 3704 1487 3768 illi
1532 3701 1946 3787 iudiciorum,
2006 3704 2188 3767 iuxta
2234 3702 2522 3790 exempla

393 3794 850 3880 Romanorum,
893 3816 1038 3860 cum
1068 3793 1330 3859 consilio
1363 3794 1749 3879 sapientium
1782 3794 2141 3876 eonstituit3
2181 3813 2349 3878 quae
2381 3814 2515 3857 con-
