2723 4326
223 251 348 304 IIII.
389 252 473 306 23.
2224 248 2352 312 205

229 450 394 513 quae
438 449 478 491 a
523 436 719 511 gente
763 425 1130 510 Anglorum
1175 425 1638 490 Kaelcacaestir
1697 426 2083 513 appellatur,
2138 425 2356 511 ibique

229 517 349 581 sibi
392 517 792 580 mansionem
837 515 1129 579 instituit.
1221 515 1523 579 Praelata
1554 524 1773 580 autem
1802 515 2105 598 regimini
2134 536 2352 579 mona-

227 607 406 670 sterii
449 605 616 669 illius
663 604 906 669 famula
951 603 1190 668 Christi
1232 602 1421 687 Hild,
1484 626 1638 668 mox
1701 602 1823 668 hoe
1879 604 2164 687 regulari
2223 605 2356 667 uita

225 717 343 782 per
389 697 624 778 omnia,
670 701 864 781 prout
909 715 948 756 a
993 691 1197 757 doctis
1242 694 1398 756 uiris
1445 691 1690 758 discere
1736 702 2011 779 poterat,
2060 691 2357 757 ordinare

226 785 520 848 curabat:
567 805 716 846 nam
749 790 814 846 et
845 784 1180 869 episcopus
1211 780 1427 846 Adian
1465 791 1531 846 et
1576 783 1812 868 quique
1856 790 2169 846 nouerant
2214 803 2357 845 eam

225 872 530 957 religiosi,
574 894 691 959 pro
738 872 929 935 insita
982 872 1042 935 ei
1108 873 1425 958 sapientia
1470 880 1535 935 et
1580 892 1799 934 amore
1845 869 2046 934 diuini
2091 870 2357 934 famula·

226 973 350 1046 tue,
399 961 616 1026 sedulo
664 983 806 1026 eam
853 961 1135 1044 uisitare,
1184 959 1419 1024 obnixe
1450 982 1691 1042 amare,
1739 957 2083 1044 diligenter
2107 957 2356 1023 erudire

233 1050 544 1115 solebant.

405 1137 569 1204 Cum
631 1159 788 1222 ergo
848 1137 1090 1222 aliquot
1155 1159 1353 1202 annos
1415 1136 1563 1201 huic
1607 1137 1995 1202 monasterio
2040 1137 2357 1220 regularis

225 1229 398 1292 uitae
441 1229 823 1292 institutioni
868 1227 1139 1290 multum
1185 1227 1439 1290 intenta
1482 1235 1831 1313 praeesset,
1882 1227 2154 1310 contigit
2214 1247 2356 1290 eam

225 1317 556 1403 suscipere
601 1317 794 1380 etiam
840 1313 1341 1379 construendum
1388 1315 1524 1380 siue
1572 1313 1993 1379 ordinandum
2038 1323 2358 1379 monaste-

224 1407 394 1470 rium
438 1408 504 1470 in
547 1405 707 1489 locO,
756 1407 866 1490 qui
909 1415 1178 1469 uocatur
1225 1401 1755 1488 streaneshalch,
1814 1402 1984 1490 quod
2029 1426 2188 1490 opus
2235 1402 2359 1468 sibi

225 1497 583 1559 iniunctum
628 1516 757 1559 non
803 1495 1086 1579 segniter
1143 1495 1460 1580 impleuit.
1553 1493 1727 1558 Nam
1792 1491 2063 1575 eisdem,
2126 1493 2358 1578 quibus

222 1585 404 1670 prius
449 1583 940 1667 monasterium,
1003 1583 1195 1646 etiam
1254 1581 1376 1646 hoc
1423 1580 1773 1668 disciplinis
1818 1583 1993 1646 uitae
2038 1582 2357 1666 regularis

224 1673 528 1736 instituit:
578 1680 643 1735 et
688 1672 946 1758 quidem
991 1671 1263 1736 multam
1308 1671 1397 1737 ibi
1443 1692 1697 1757 quoque
1730 1670 2053 1754 iustitiae,
2100 1671 2357 1757 pietatis

225 1771 291 1826 et
338 1761 750 1826 castimoniae
798 1769 1284 1846 ceterarumque
1329 1760 1659 1843 uirtutum,
1710 1759 1821 1823 sed
1866 1759 2149 1822 maxime
2182 1761 2359 1845 pacis

223 1859 292 1915 et
339 1850 623 1914 caritatis
670 1848 1024 1914 custodiam
1069 1847 1312 1913 docuit:
1363 1849 1453 1913 ita
1497 1857 1569 1912 ut
1612 1849 1677 1912 in
1724 1847 2092 1934 exemplum
2138 1847 2357 1935 primi-

222 1939 396 2004 tiuae
444 1939 748 2004 ecclesiae
793 1938 1002 2002 nullus
1033 1938 1122 2003 ibi
1162 1937 1364 2022 diues,
1417 1938 1628 2002 nullus
1674 1945 1845 2001 esset
1892 1957 2111 2022 egene,
2160 1937 2359 2002 omni-

225 2028 346 2093 bus
393 2036 608 2092 essent
653 2028 869 2091 omnia
929 2027 1326 2111 communia,
1397 2049 1542 2091 cum
1586 2023 1747 2090 nihil
1792 2025 2168 2110 cuiusquam
2222 2048 2363 2090 esse

223 2114 554 2182 uideretur
599 2118 946 2204 proprium.
1041 2114 1297 2181 Tantae
1341 2125 1559 2181 autem
1605 2123 1745 2180 erat
1790 2115 1929 2202 ipsa
1959 2113 2360 2201 prudentiae,

223 2215 296 2271 ut
342 2228 470 2270 non
516 2206 720 2271 solum
765 2203 1122 2271 medioeres
1155 2207 1395 2292 quique
1425 2208 1493 2269 in
1522 2203 2015 2270 necessitatibus
2048 2206 2198 2287 suiS,
2247 2201 2363 2269 sed

228 2296 425 2360 etiam
472 2318 662 2380 reges
709 2317 785 2358 ac
831 2296 1153 2382 principes
1197 2316 1681 2380 nonnumquam
1724 2292 1807 2357 ab
1856 2315 1933 2358 ea
1979 2302 2363 2377 quaererent

227 2385 565 2449 consilium
651 2393 716 2449 et
773 2384 1167 2459 ⁸inuenirent.
1293 2382 1580 2448 Tantum
1666 2382 1924 2447 lectioni
2000 2381 2361 2446 diuinarum

228 2474 692 2561 scripturarum
739 2495 886 2537 suos
932 2495 1167 2538 uacare
1215 2469 1525 2553 subditos,
1573 2480 1825 2536 tantum
1856 2471 2153 2557 operibus
2184 2472 2393 2534 iusti--

226 2564 358 2627 tiae
406 2584 475 2625 se
524 2584 830 2627 exercere
875 2562 1174 2645 faciebat,
1223 2570 1296 2625 ut
1340 2560 1649 2625 facillime
1693 2560 2070 2626 uiderentur
2100 2559 2360 2643 ibidem,

229 2654 340 2737 qui
389 2650 892 2715 ecclesiasticum
937 2649 1230 2737 gradum,
1277 2649 1401 2714 hoc
1446 2658 1545 2715 est
1590 2650 1815 2715 altaris
1861 2648 2165 2732 officium,
2211 2657 2363 2735 apte

230 2739 539 2824 subirent,
586 2739 847 2826 plurimi
890 2762 1079 2826 posse
1124 2740 1415 2825 reperiri.

408 2828 708 2915 Denique
753 2828 817 2893 V
877 2851 959 2893 ex
1014 2828 1241 2893 eodem
1299 2829 1687 2893 monasterio
1752 2836 1975 2914 postea
2030 2828 2363 2914 episcopos

229 2917 541 2996 uidimus,
609 2927 675 2982 et
733 2915 850 2982 hos
911 2939 1130 2982 omnes
1193 2918 1536 3001 singularis
1596 2918 1808 2980 meriti
1866 2939 1943 2981 ac
2005 2917 2363 2982 sanctitatis

229 3006 444 3089 uiros,
509 3028 781 3092 quorum
815 3005 990 3071 haec
1035 3014 1184 3070 sunt
1227 3008 1520 3089 nomina,
1579 3005 1780 3088 Bosa,
1838 3004 2063 3089 Aetla,
2123 3004 2362 3089 Oftfor,

229 3093 548 3159 Iohannes
581 3104 645 3160 et
671 3092 927 3161 Vilfrid.
1019 3095 1123 3159 De
1152 3097 1361 3181 primo
1410 3116 1605 3182 supra
1649 3094 1945 3179 diximus,
1996 3092 2166 3179 quod
2189 3093 2360 3158 Ebo-

229 3185 364 3248 raci
409 3184 605 3248 fuerit
651 3192 1059 3249 consecratus
1086 3184 1408 3250 antistes:
1458 3184 1539 3247 de
1584 3183 1860 3247 secundo
1897 3182 2184 3247 breuiter
2213 3183 2360 3246 inti-

229 3270 534 3337 mandum
552 3324 572 3357 ,
652 3270 823 3357 quod
897 3274 963 3337 in
1040 3274 1482 3360 episcopatum
1557 3271 2091 3336 Dorciccaestrae
2168 3270 2363 3334 fuerit

231 3360 592 3426 ordinatus:
658 3362 739 3426 de
795 3362 1034 3426 ultimis
1092 3361 1260 3426 infra
1319 3360 1665 3426 dicendum
1724 3370 1849 3442 est,
1922 3357 2093 3445 quod
2140 3380 2363 3423 eorum

228 3451 476 3536 primus
541 3449 1083 3535 Hagustaldensis
1100 3502 1120 3535 ,
1187 3451 1504 3515 secundus
1563 3449 1989 3515 Eboracensis
2055 3447 2365 3513 ecclesiae

231 3540 315 3603 sit
362 3538 689 3603 ordinatus
735 3541 1088 3627 episcopus.
1181 3539 1286 3605 De
1334 3538 1547 3605 medio
1594 3560 1763 3603 nunc
1811 3536 2125 3621 dicamne,
2191 3538 2361 3623 quia,

231 3649 377 3692 cum
424 3629 489 3691 in
536 3638 809 3713 utroque
854 3627 1092 3693 Hildae
1136 3628 1503 3695 abbatissae
1549 3628 1940 3691 monasterio
1994 3626 2257 3691 lectioni
2302 3635 2366 3690 et

232 3715 668 3781 obseruationi
713 3719 1173 3803 scripturarum
1222 3739 1484 3804 operam
1532 3716 1843 3801 dedisset,
1911 3714 2175 3781 tandem
2219 3738 2363 3801 per·

229 3804 502 3871 fectiora
569 3804 942 3871 desiderans
1033 3808 1212 3871 uenit
1289 3804 1589 3871 Cantiam
1660 3804 1742 3868 ad
1810 3803 2363 3892 archiepiscopum

231 3894 466 3959 beatae
496 3892 957 3959 recordationis
993 3894 1441 3962 Theodorum:
1475 3895 1590 3960 ubi
1620 3904 1962 3982 postquam
1996 3892 2365 3981 aliquandiu
