2723 4326
428 202 557 266 242
1631 208 1641 217 ’
2369 201 2435 254 V.
2475 202 2561 255 10⁴.

427 400 619 443 uersa
666 374 1040 464 capillorum
1086 377 1302 461 specie
1348 399 1511 440 unus
1546 374 1754 461 Niger
1784 376 2109 461 Heuuald,
2158 376 2323 442 alter
2357 375 2565 442 Albus

431 465 732 533 Heuuald
778 463 1128 530 diceretur:
1178 488 1450 551 quorum
1497 473 1767 552 uterque
1813 467 2054 552 pietate
2100 467 2432 551 religionis
2471 469 2564 531 in·

431 557 644 641 butus,
694 552 807 619 sed
839 553 1050 639 Niger
1081 553 1386 632 Heuuald
1416 556 1625 640 magis
1657 576 1985 620 sacrarum
2018 554 2378 619 litterarum
2427 565 2568 620 erat

434 646 701 711 scientia
765 644 1111 707 institutus.
1206 642 1335 721 Qui
1392 646 1726 709 uenientes
1785 645 1852 707 in
1904 646 2306 730 prouinciam
2363 646 2561 709 intra-

431 744 665 800 uerunt
708 733 1059 819 hospitium
1105 732 1438 797 cuiusdam
1483 733 1661 798 uilici
1703 734 2157 819 petieruntque
2203 734 2284 799 ab
2333 756 2438 813 ec,
2494 742 2565 798 ut

432 824 1020 889 transmitterentur
1078 819 1162 885 ad
1208 830 1564 908 satrapam,
1627 824 1737 907 qui
1797 843 1992 907 super
2050 844 2197 887 eum
2257 831 2426 905 erat,
2489 846 2566 887 eo

433 911 603 999 quod
662 909 973 977 haberent
1033 910 1276 996 aliquid
1333 912 1675 996 legationis
1723 920 1788 975 et
1833 932 2064 975 causae
2119 912 2323 996 utilis,
2394 910 2565 997 quod

432 1000 743 1067 deberent
800 998 883 1064 ad
940 998 1121 1063 illum
1188 999 1499 1086 perferre.
1591 998 1743 1064 Non
1801 1001 1974 1064 enim
2034 1000 2274 1066 habent
2337 1023 2566 1086 regem

433 1091 625 1156 iidem
673 1087 943 1175 Antiqui
968 1086 1285 1173 Saxones,
1334 1087 1448 1154 sed
1495 1098 1786 1175 satrapas
1831 1089 2138 1176 plurimos
2187 1112 2339 1153 suae
2387 1092 2567 1173 genti

432 1181 852 1267 praepositos,
904 1178 1014 1262 qui
1043 1178 1384 1261 ingruente
1416 1178 1566 1243 belli
1597 1176 1866 1244 articulo
1905 1179 2170 1242 mittunt
2215 1178 2570 1264 aequaliter

433 1278 639 1333 sortes
700 1276 793 1351 et,
860 1287 1328 1352 quemcumque
1395 1289 1532 1331 sors
1601 1264 1979 1351 ostenderit,
2046 1266 2214 1332 hunc
2274 1275 2570 1354 tempore

432 1358 585 1423 belli
633 1353 861 1421 ducem
906 1376 1125 1419 omnes
1173 1364 1502 1438 secuntur,
1564 1354 1713 1421 huic
1760 1356 2235 1441 obtemperant3
2303 1366 2565 1441 peracto

434 1455 652 1512 autem
698 1444 897 1525 bello,
957 1465 1212 1507 rursum
1274 1443 1560 1530 aequalis
1619 1447 1943 1530 potentiae
1992 1466 2214 1509 omnes
2259 1442 2423 1509 fiunt
2469 1468 2566 1510 sa·

432 1545 678 1624 trapae.
774 1530 1073 1617 Suscepit
1119 1555 1273 1617 ergo
1324 1556 1432 1597 eos
1491 1532 1719 1598 uilicus
1768 1542 1832 1598 et
1877 1534 2258 1620 promittens
2306 1556 2374 1598 se
2421 1536 2565 1598 mit·

434 1634 574 1690 tere
623 1645 731 1689 eos
777 1621 859 1686 ad
906 1630 1259 1707 satrapam,
1324 1624 1434 1708 qui
1494 1644 1686 1708 super
1744 1645 1814 1687 se
1879 1631 2048 1705 erat,
2107 1631 2179 1686 ut
2237 1624 2566 1709 petebant,

433 1714 676 1801 aliquot
722 1710 945 1776 diebus
991 1731 1208 1775 secum
1251 1712 1531 1775 retinuit.
1671 1712 1676 1715 ’
1894 1779 1897 1783 ,

613 1801 740 1881 Qui
787 1822 934 1864 cum
980 1801 1224 1884 cogniti
1272 1809 1486 1865 essent
1534 1822 1574 1863 a
1618 1799 1940 1883 barbariS,
1999 1798 2170 1887 quod
2226 1809 2438 1865 essent
2484 1801 2567 1865 al-

434 1893 633 1956 terius
700 1888 1027 1974 religionis
1086 1886 1265 1973 (nam
1311 1898 1376 1953 et
1422 1889 1685 1975 psalmis
1734 1910 1985 1974 semper
2031 1902 2225 1975 atque
2273 1890 2566 1954 orationi-

432 1981 555 2045 bus
600 1979 919 2043 uacabant
952 1985 1015 2041 et
1046 1977 1281 2041 cotidie
1329 1977 1714 2042 sacrificium
1758 1974 1877 2041 deo
1923 1980 2224 2042 uictimae
2271 1978 2567 2043 salutaris

436 2066 817 2151 offerebant,
878 2066 1191 2131 habentes
1238 2087 1455 2131 secum
1501 2066 1760 2131 uascula
1807 2088 1990 2132 sacra
2037 2076 2100 2131 et
2146 2067 2434 2132 tabulam
2480 2066 2564 2130 al-

434 2158 596 2224 taris
643 2157 786 2222 uice
834 2152 1242 2242 dedicatam),
1292 2157 1576 2243 suspecti
1623 2165 1770 2221 sunt
1812 2155 2044 2241 habiti,
2093 2157 2272 2244 quia,
2321 2157 2374 2220 si
2422 2179 2562 2244 per-

435 2249 731 2313 uenirent
776 2244 861 2310 ad
904 2254 1233 2331 satrapam
1280 2253 1345 2309 et
1388 2246 1802 2331 loquerentur
1849 2268 1995 2309 cum
2025 2245 2156 2324 illo,
2203 2254 2567 2311 auerterent

433 2337 616 2402 illum
645 2359 686 2400 a
716 2334 837 2400 diis
868 2336 997 2398 suis
1039 2342 1103 2399 et
1146 2334 1229 2398 ad
1273 2356 1510 2399 nouam
1542 2331 1946 2399 Christianae
1990 2333 2142 2398 fidei
2184 2334 2563 2420 religionem

436 2425 892 2508 transferrent,
941 2425 1158 2508 sicque
1204 2423 1514 2509 paulatim
1563 2425 1768 2488 omnis
1815 2444 2039 2487 eorum
2083 2425 2414 2511 prouincia
2459 2447 2564 2488 ue·

435 2526 645 2581 terem
692 2521 1030 2597 cogeretur
1061 2534 1229 2575 noua
1259 2521 1508 2576 mutare
1541 2511 1877 2577 culturam.
1938 2510 2169 2598 Itaque
2215 2521 2570 2598 rapuerunt

440 2625 549 2670 eos
608 2601 819 2667 subito
878 2610 943 2666 et
1001 2603 1496 2665 interemerunt:
1559 2599 1802 2666 Album
1848 2600 2110 2687 quidem
2151 2600 2563 2666 Heuualdum

439 2694 646 2758 ueloci
678 2691 992 2756 occisione
1023 2687 1240 2774 gladii,
1274 2686 1606 2774 Nigellum
1638 2699 1853 2754 autem
1884 2691 2077 2775 longo
2111 2693 2567 2777 suppliciorum

442 2781 729 2846 cruciatu
774 2787 841 2844 et
896 2776 1213 2844 horrenda
1271 2778 1705 2843 membrorum
1765 2781 2049 2843 omnium
2107 2778 2568 2866 discerptione:

441 2891 599 2956 quos
643 2871 1019 2933 interemtos
1047 2868 1114 2933 in
1144 2866 1372 2933 Rheno
1419 2870 1844 2954 proiecerunt.
1911 2866 2100 2946 Quod
2131 2890 2274 2932 cum
2305 2877 2570 2955 satrapa

437 2959 575 3043 ille,
650 2979 841 3043 quem
896 2956 1118 3022 uidere
1178 2956 1509 3039 uolebant,
1575 2956 1884 3040 audisset,
1950 2959 2150 3022 iratus
2199 2966 2296 3021 est
2355 2958 2567 3041 ualde,

442 3044 615 3134 quod
644 3046 727 3111 ad
759 3068 827 3110 se
859 3046 1079 3110 uenire
1125 3045 1414 3110 uolentes
1460 3047 1787 3132 peregrini
1832 3067 1961 3110 non
2007 3047 2536 3134 permitterentur
2550 3071 2571 3129 3⁴

441 3146 505 3202 et
536 3138 797 3201 mittens
844 3132 1076 3199 occidit
1120 3135 1381 3198 uicanos
1428 3135 1569 3199 illos
1617 3157 1838 3199 omnes
1883 3136 2226 3220 uicumque
2272 3135 2569 3200 incendio

442 3226 809 3291 consumsit.
902 3222 1085 3288 Passi
1144 3231 1292 3287 sunt
1348 3231 1565 3288 autem
1625 3224 1899 3310 praefati
1953 3221 2316 3289 sacerdotes
2365 3233 2433 3288 et
2477 3223 2568 3287 fa-

440 3315 595 3380 muli
643 3312 881 3379 Christi
926 3312 1146 3398 quinto
1192 3311 1530 3377 Nonarum
1578 3310 1958 3377 Octobrium
2007 3311 2130 3376 die.
2367 3376 2371 3381 .

616 3403 753 3468 Nec
782 3403 1091 3487 martyrio
1123 3423 1344 3465 eorum
1378 3400 1680 3467 caelestia
1710 3399 1972 3466 defuere
2001 3401 2330 3466 miracula.
2391 3400 2566 3466 Nam

440 3515 586 3556 cum
631 3500 923 3578 peremta
968 3509 1190 3555 eorum
1238 3512 1507 3577 corpora
1537 3491 1726 3574 amni,
1774 3499 1846 3554 ut
1879 3487 2175 3575 diximus,
2223 3513 2264 3554 a
2293 3492 2569 3576 paganis

443 3591 655 3645 essent
717 3581 985 3661 iniecta,
1066 3579 1371 3664 contigit,
1434 3589 1506 3643 ut
1550 3579 1711 3644 haec
1758 3588 1982 3644 contra
2027 3582 2336 3666 impetum
2382 3577 2563 3644 fluuii

442 3667 856 3752 decurrentis,
907 3691 1020 3754 per
1050 3666 1331 3732 XXXX
1361 3667 1499 3732 fere
1544 3668 1721 3732 milia
1764 3691 2068 3755 passuum
2113 3667 2195 3732 ad
2243 3690 2319 3731 ea
2365 3691 2568 3754 usque

439 3756 602 3838 loca,
650 3757 763 3821 ubi
808 3757 1060 3822 illorum
1110 3766 1293 3821 erant
1339 3759 1516 3840 socii,
1563 3757 2080 3822 transferrentur.
2174 3753 2306 3821 Sed
2353 3765 2418 3821 et
2465 3778 2564 3820 ra-

442 3841 585 3907 dius
629 3843 786 3909 lucis
832 3847 1265 3932 permaximus
1310 3854 1506 3930 atque
1553 3843 1634 3909 ad
1681 3846 1928 3911 caelum
1959 3867 2160 3932 usque
2190 3846 2358 3910 altus
2392 3847 2566 3910 omni
