2723 4326
427 166 552 230 176
2122 189 2125 194 ·
2232 161 2358 214 IIII.
2396 161 2552 214 5—6.

600 337 724 404 His
782 341 1001 426 itaque
1063 338 1358 426 capitulis
1420 339 1485 401 in
1546 360 1888 403 commune
1968 340 2261 402 tractatis
2318 360 2396 402 ac
2453 337 2554 402 de-

423 429 649 514 finitis,
713 436 784 491 ut
851 429 1094 493 nullum
1163 428 1468 514 deinceps
1538 427 1620 492 ab
1685 428 1895 515 aliquo
1963 437 2254 492 nostrum
2318 430 2558 492 oriatur

425 518 847 584 contentionis
909 518 1279 583 scandalum
1342 525 1454 581 aut
1499 517 1627 580 alia
1683 540 1802 603 pro
1849 516 1993 581 aliis
2051 514 2554 602 diuulgarentur,

420 609 682 694 placuit,
744 615 832 692 ut,
896 628 1190 692 quaeque
1237 604 1501 670 definita
1548 614 1714 688 sunt,
1776 607 2214 692 unusquisque
2267 614 2555 670 nostrum

422 719 650 761 manus
776 699 995 782 opriae
1041 696 1512 782 subscriptione
1559 693 1986 762 confirmaret.
2049 692 2262 772 Quam
2308 703 2558 759 senten-

422 788 581 850 tiam
611 718 996 849 definitionis
1026 794 1287 850 nostrae
1319 782 1541 848 Titillo
1572 785 1822 848 notario
1854 782 2260 849 scribendam
2296 783 2555 850 dictaui.

421 872 662 939 Actum
719 876 787 938 in
843 897 1067 939 mense
1123 885 1187 939 et
1238 873 1589 938 indictione
1648 895 1844 960 supra
1900 874 2160 959 scripta.
2253 869 2557 959 Quisquis

422 965 623 1046 igitur
684 972 908 1027 contra
951 962 1117 1028 hanc
1177 965 1565 1028 sententiam
1576 1013 1594 1046 ,
1656 964 1839 1027 iuxta
1902 961 2160 1026 decreta
2218 983 2555 1045 canonum,

424 1062 643 1117 nostra
689 1054 885 1116 etiam
933 1054 1348 1116 consensione
1394 1074 1471 1116 ac
1518 1050 1985 1138 subscriptione
2030 1073 2257 1115 manus
2302 1060 2561 1115 nostrae

425 1141 904 1244 confirmatam,
983 1163 1240 1244 quoquo
1310 1139 1501 1205 modo
1577 1143 1801 1205 uenire
1864 1162 2134 1225 eamque
2208 1139 2561 1224 infringere

423 1231 816 1314 temtauerit,
863 1232 1115 1295 nouerit
1145 1252 1214 1295 se
1246 1228 1330 1294 ab
1364 1231 1538 1294 omni
1575 1227 1786 1295 officio
1832 1227 2215 1294 sacerdotali
2246 1239 2313 1293 et
2342 1238 2565 1294 nostra

427 1321 734 1384 societate
781 1328 1169 1404 separatum.
1229 1319 1473 1384 Diuina
1518 1341 1635 1383 nos
1681 1321 1899 1401 gratia
1928 1320 1995 1382 in
2025 1321 2271 1383 unitate
2301 1327 2564 1382 sanctae

427 1431 579 1472 suae
625 1407 932 1472 ecclesiae
976 1410 1272 1472 uiuentes
1320 1406 1639 1472 custodiat
1682 1407 2079 1472 incolumes.’

603 1497 810 1562 Facta
855 1506 952 1561 est
994 1505 1213 1562 autem
1258 1497 1420 1561 haec
1467 1496 1747 1582 synodus
1792 1518 1961 1561 anno
2008 1496 2091 1561 ab
2122 1498 2564 1562 incarnatione

428 1584 672 1651 domini
714 1583 1040 1650 DOLXX
1071 1587 1283 1670 tertio,
1332 1607 1459 1671 quo
1506 1608 1672 1650 anno
1717 1608 1837 1650 rex
1867 1583 2361 1650 Cantuariorum
2392 1585 2564 1670 Ecg-

427 1675 608 1740 berct
654 1697 877 1739 mense
921 1674 1087 1740 Iulio
1147 1674 1428 1758 obierat,
1492 1674 1874 1740 succedente
1920 1676 1989 1739 in
2030 1697 2304 1760 regnum
2362 1674 2565 1739 fratre

425 1762 766 1848 Hlothere,
839 1762 1008 1867 quod
1070 1766 1210 1851 ipse
1273 1785 1473 1828 annos
1531 1762 1639 1827 XI
1698 1773 1761 1828 et
1819 1785 2075 1828 menses
2134 1762 2269 1828 VII
2332 1765 2561 1828 tenuit.

425 1851 566 1917 Bisi
605 1861 824 1918 autem
871 1854 1207 1940 episcopus
1242 1850 1675 1918 Orientalium
1708 1850 2093 1938 Anglorum,
2142 1855 2251 1938 qui
2282 1854 2348 1916 in
2424 1876 2540 1917 rae

428 1940 563 2006 fato
610 1941 854 2028 synodo
899 1943 1101 2007 fuisse
1145 1939 1552 2029 perhibetur,
1613 1943 1752 2028 ipse
1812 1952 1951 2006 erat
1997 1963 2325 2007 successor
2370 1875 2566 2006 fioni-

426 2030 597 2115 fatii,
659 2032 839 2096 cuius
904 2053 1098 2118 supra
1155 2032 1592 2114 meminimus,
1655 2033 1757 2094 uir
1803 2031 2043 2095 multae
2092 2033 2447 2096 sanctitatis
2498 2041 2566 2096 et

427 2118 774 2206 religionis.
847 2118 1023 2186 Nam
1069 2119 1395 2186 Bonifatio
1441 2128 1587 2207 post
1631 2120 1702 2186 X
1733 2129 1799 2185 et
1829 2118 1967 2184 VH
2011 2122 2419 2207 episcopatus
2466 2121 2565 2186 sui

426 2232 624 2275 annos
656 2210 980 2294 defuncto,
1014 2212 1351 2297 episcopus
1382 2211 1521 2297 ipse
1550 2231 1671 2296 pro
1704 2233 1800 2294 eo,
1836 2208 2176 2273 Theodoro
2208 2208 2566 2293 ordinante,

425 2299 636 2364 factus
697 2308 814 2365 est.
910 2297 1054 2377 Quo
1101 2298 1311 2364 adhuc
1359 2302 1730 2386 superstite,
1797 2297 1912 2363 sed
1957 2299 2344 2383 grauissima
2391 2296 2568 2362 infir·

425 2391 652 2453 mitate
697 2388 782 2453 ab
829 2386 1333 2453 administrando
1381 2390 1759 2474 episcopatu
1818 2386 2171 2475 prohibito,
2235 2386 2363 2451 duo
2422 2396 2572 2452 sunt

426 2499 542 2563 pro
587 2478 716 2562 illo,
765 2474 968 2541 Aecci
1015 2486 1078 2542 et
1114 2476 1458 2562 Baduuini,
1508 2477 1695 2542 electi
1737 2486 1802 2541 et
1849 2478 2204 2541 consecrati
2250 2479 2568 2564 episcopi.

426 2588 507 2630 ex
572 2588 697 2653 quo
760 2587 965 2651 usque
1034 2564 1224 2631 hodie
1292 2568 1629 2652 prouincia
1695 2567 1807 2631 illa
1874 2565 2032 2630 duos
2098 2565 2341 2631 habere
2412 2568 2573 2632 solet

425 2657 777 2742 episcopos.

1466 2888 1526 2951 6.

432 3044 513 3101 Vt
550 3042 833 3112 deposito
870 3042 1207 3111 Vynfrido,
1264 3041 1570 3098 Saexuulf
1604 3044 2025 3113 episcopatum
2063 3044 2199 3099 eius
2236 3042 2571 3113 acceperit,

578 3134 646 3189 et
680 3132 1072 3188 Earconuald
1110 3131 1543 3189 Orientalibus
1583 3132 1928 3189 Saxonibus
1968 3133 2293 3202 episcopus
2334 3132 2445 3205 sitj

1394 3220 1598 3276 «latus.

608 3365 760 3430 Non
806 3366 1008 3429 multo
1038 3374 1184 3451 post
1215 3363 1377 3429 haec
1408 3365 1625 3452 elapso
1656 3373 1967 3453 tempore,
2016 3366 2293 3431 offensus
2324 3388 2365 3429 a
2394 3364 2571 3453 Vyn-

435 3453 603 3519 frido
638 3453 1031 3520 Merciorum
1080 3456 1383 3541 episcopo
1427 3476 1545 3541 per
1590 3457 1894 3520 meritum
1941 3453 2269 3519 cuiusdam
2314 3455 2573 3519 inoboe-

437 3542 718 3609 dientiae
766 3542 1146 3608 Theodorus
1212 3542 1731 3631 archiepiscopus
1778 3543 2073 3630 deposuit
2117 3566 2265 3609 eum
2311 3541 2392 3608 de
2440 3545 2570 3631 epi-

435 3642 703 3719 scopatu
748 3642 896 3720 post
941 3654 1142 3697 annos
1189 3634 1441 3719 accepti
1487 3636 1896 3721 episcopatus
1941 3657 2071 3700 non
2101 3633 2363 3717 multos3
2415 3642 2481 3699 et
2510 3636 2573 3697 in

434 3720 574 3784 loco
623 3724 760 3785 eius
806 3721 1130 3787 ordinauit
1178 3724 1553 3826 episcopum
1599 3720 2010 3806 Sexuulfum,
2072 3726 2183 3809 qui
2244 3684 2384 3787 era⁷t
2431 3746 2573 3788 con—

439 3817 718 3873 structor
751 3820 816 3874 et
846 3810 1045 3875 abbas
1094 3814 1487 3897 monasterii,
1538 3812 1708 3897 quod
1746 3811 1979 3878 dicitur
2008 3810 2573 3895 Medeshamstedi,
