2723 4326
133 208 191 262 v.
228 210 307 263 21.
1068 162 1073 169 ’
2118 210 2246 273 269

135 385 207 450 de
253 395 445 470 gente
470 384 853 469 Anglorum,
902 406 1062 470 quos
1084 382 1458 449 iamdudum
1483 382 1566 447 ad
1591 385 1959 470 exemplum
1990 393 2249 450 sanctae

134 474 453 540 Romanae
500 485 569 539 et
612 475 1001 560 apostolicae
1048 473 1357 538 ecclesiae
1402 495 1586 538 suam
1629 473 2010 559 religionem
2070 476 2250 538 insti-

132 566 319 629 tuisse
365 566 690 649 cognouit.
764 560 1097 647 Siquidem
1142 564 1318 626 misit
1361 563 1709 648 legatarios
1755 562 1839 627 ad
1884 562 2096 626 uirum
2141 586 2248 627 ue-

129 652 473 718 nerabilem
520 650 941 735 Ceolfridum,
989 651 1295 716 abbatem
1326 652 1701 717 monasterii
1730 651 2066 715 beatorum
2098 674 2248 737 apo-

132 743 427 806 stolorum
473 742 653 807 Petri
700 749 766 805 et
809 739 1015 824 Pauli,
1065 739 1235 826 quod
1282 751 1379 805 est
1423 741 1506 806 ad
1553 742 1785 804 ostium
1810 739 1996 804 Viuri
2041 743 2248 805 amnis
2296 738 2304 745 ’

132 841 191 895 61
232 833 412 896 iuxta
456 852 710 894 amnem
738 828 993 913 Tinam,
1042 831 1107 894 in
1138 829 1298 914 1000,
1344 831 1456 915 qui
1493 838 1764 894 uocatur
1824 826 1904 893 In
1929 827 2248 914 Gyrunm,

133 922 225 983 cui
268 921 407 1007 ipse
453 929 599 1006 post
633 917 1079 1002 Benedictum,
1128 918 1210 983 de
1257 941 1382 1004 quo
1431 940 1627 1005 supra
1673 916 1969 1000 diximus,
2017 919 2251 1002 glorio-

134 1010 368 1075 sissime
415 1009 727 1095 praefuit3
777 1006 1135 1094 postulans,
1200 1017 1273 1071 ut
1319 1007 1786 1072 exhortatorias
1834 1007 1956 1071 sibi
2002 1007 2251 1073 litteras

132 1100 427 1181 mitteret,
478 1098 709 1183 quibus
756 1098 1080 1182 potentius
1128 1096 1457 1161 confutare
1502 1107 1721 1182 posset
1766 1118 1875 1161 eos
1896 1148 1914 1181 ,
1974 1100 2084 1181 qui
2137 1119 2250 1183 pa-

134 1187 277 1251 scha
322 1208 453 1252 non
500 1209 613 1251 suo
658 1194 951 1272 tempore
999 1186 1343 1250 obseruare
1391 1194 1914 1271 praesumerent3
1967 1186 2154 1249 simul
2187 1194 2255 1249 et

134 1275 207 1340 (16
248 1285 553 1342 tonsurae
600 1274 790 1339 modo
836 1275 943 1339 uel
986 1276 1267 1359 ratione,
1318 1296 1448 1360 qua
1493 1276 1760 1339 clericos
1806 1276 2101 1359 insigniri
2148 1272 2253 1338 de-

135 1376 334 1431 ceret:
387 1374 680 1449 excepto,
729 1362 899 1449 quod
947 1366 1143 1428 etiam
1174 1366 1314 1450 ipse
1345 1367 1414 1428 in
1436 1362 1534 1429 his
1558 1386 1687 1428 non
1718 1386 1923 1451 parua
1956 1386 2039 1428 ex
2069 1373 2254 1449 parte
2307 1362 2316 1367 ’

136 1463 294 1519 esset
355 1454 664 1521 imbutuS.
756 1450 889 1519 Sed
943 1462 1009 1516 et
1066 1454 1452 1518 architectos
1509 1454 1631 1518 sibi
1676 1455 1844 1517 mitti
1890 1454 2095 1539 petiit,
2145 1455 2254 1538 qui

134 1543 303 1607 iuxta
354 1564 602 1607 morem
648 1541 1085 1606 Romanorum
1144 1542 1477 1607 ecclesiam
1538 1542 1618 1607 de
1675 1541 1890 1628 lapide
1946 1544 2012 1607 in
2058 1551 2255 1624 gente

137 1632 321 1717 ipsius
369 1631 672 1715 facerent,
720 1631 1099 1718 promittens
1144 1630 1310 1695 hanc
1356 1633 1425 1694 in
1453 1630 1762 1695 honorem
1792 1631 1968 1695 beati
1999 1642 2251 1717 aposto-

133 1720 329 1785 lorum
376 1722 684 1807 principis
733 1718 1182 1803 dedicandam3
1244 1740 1311 1783 se
1374 1741 1627 1805 quoque
1671 1722 1884 1805 ipsum
1931 1741 2077 1783 cum
2123 1720 2254 1783 suis

139 1811 423 1875 omnibus
471 1831 717 1873 morem
764 1817 1021 1873 sanctae
1051 1808 1384 1873 Romanae
1417 1817 1481 1872 et
1526 1810 1913 1895 apostolicae
1946 1808 2254 1873 ecclesiae

139 1920 381 1985 semper
428 1900 860 1981 imitaturum,
917 1900 984 1960 in
1044 1907 1355 1983 quantum
1415 1898 1754 1962 dumtaxat
1797 1907 1933 1961 tam
1977 1897 2172 1981 longe
2217 1920 2257 1961 a

138 1985 566 2052 Romanorum
624 1987 882 2072 loquela
940 1995 1006 2050 et
1073 1988 1331 2051 natione
1378 1988 1706 2071 segregati
1751 1986 1922 2051 hunc
1969 1984 2257 2051 ediscere

136 2078 505 2161 potuissent.
598 2073 795 2139 Cuius
840 2074 1159 2161 religiosis
1204 2077 1371 2139 uotis
1418 2098 1494 2139 ac
1538 2075 1836 2162 precibus
1881 2076 2105 2140 fauens
2150 2098 2248 2140 re·

138 2168 607 2231 uerentissimus
654 2165 822 2229 abba
869 2160 1153 2230 Oeolfrid
1199 2167 1375 2230 misit
1419 2165 1821 2250 architectos,
1871 2187 2029 2250 quos
2074 2174 2249 2251 pete-

137 2253 332 2339 batur,
382 2255 560 2320 misit
603 2254 694 2317 illi
741 2263 805 2318 et
850 2253 1100 2319 litteras
1147 2256 1418 2340 scriptas
1463 2256 1532 2319 in
1575 2255 1746 2319 hunc
1789 2254 2084 2319 modum:

307 2344 611 2407 ‘Domino
645 2340 1179 2408 excellentissimo
1214 2352 1277 2408 et
1310 2342 1765 2428 gloriosissimo
1798 2345 1940 2427 regi
1969 2342 2251 2407 Naitano

139 2429 411 2498 Geolfrid
458 2433 658 2496 abbas
704 2433 770 2496 in
818 2431 1074 2496 domino
1120 2431 1414 2498 salutem.

304 2520 727 2586 ‘Catholicam
747 2523 950 2586 sancti
966 2521 1245 2607 paschae
1261 2521 1758 2604 obseruantiam,
1778 2545 1970 2608 quam
1992 2544 2030 2584 a
2046 2519 2249 2604 nobis,

137 2631 243 2672 rex
272 2608 393 2675 deo
441 2609 691 2693 deuote,
736 2610 1038 2695 religioso
1086 2608 1293 2674 studio
1342 2613 1666 2696 quaesisti,
1714 2612 2143 2698 promtissime
2175 2631 2252 2673 ac

137 2697 549 2764 libentissime
594 2709 705 2763 tuo
752 2697 1087 2783 desideri0,
1135 2702 1318 2763 iuxta
1364 2698 1535 2785 quod
1559 2701 1662 2780 ‚ab
1707 2702 2058 2786 apostolica
2102 2696 2253 2762 sede

138 2784 483 2872 didicimus,
530 2787 897 2873 patefacere
943 2791 1315 2872 satagimus.
1379 2787 1633 2854 Scimus
1663 2811 1942 2875 namque
1990 2789 2256 2852 caelitus

140 2887 385 2941 sanctae
434 2877 742 2942 ecclesiae
788 2875 1113 2962 donatum,
1163 2875 1456 2963 quotiens
1488 2880 1612 2963 ipsi
1643 2901 1858 2942 rerum
1891 2877 2134 2943 domini
2165 2877 2256 2941 di-

140 2965 417 3048 scendae,
439 2963 782 3048 docendae,
818 2964 1267 3031 custodiendae
1289 2969 1552 3031 ueritati
1573 2989 1832 3052 operam
1857 2964 2254 3054 impendunt.

139 3049 299 3118 Nam
329 3064 393 3118 et
423 3077 580 3119 uere
612 3055 867 3118 omnino
900 3052 1064 3119 dixit
1094 3055 1352 3140 quidam
1401 3056 1823 3120 saecularium
1871 3058 2253 3142 scriptorum

142 3136 340 3224 (Plato
387 3143 463 3206 de
506 3143 740 3227 republ.
788 3142 852 3207 V
900 3145 982 3208 18
1029 3166 1091 3230 p.
1128 3141 1353 3230 4739),
1403 3146 1554 3230 quia
1583 3144 1952 3209 felicissimo
1983 3142 2255 3208 mundus

143 3238 301 3294 statu
331 3241 652 3318 ageretur,
700 3233 756 3296 si
785 3232 890 3296 uel
919 3255 1107 3318 reges
1139 3233 1741 3319 philosopharentur
1772 3235 1878 3299 uel
1909 3241 2256 3317 regnarent

142 3317 505 3408 philosophi.
598 3319 786 3399 Quod
846 3322 901 3385 si
960 3322 1042 3387 de
1100 3322 1503 3408 philosophia
1561 3322 1748 3386 huius
1819 3323 2038 3387 mundi
2100 3343 2254 3385 uere

140 3408 529 3494 intellegere,
591 3408 670 3474 de
716 3418 889 3473 statu
933 3410 1120 3474 huius
1166 3411 1389 3476 mundi
1434 3413 1665 3476 merito
1722 3411 1992 3496 diligere
2044 3412 2255 3496 potuit

141 3493 317 3561 homo
361 3499 547 3563 huius
596 3498 842 3581 mundi3
894 3509 1131 3585 quanto
1162 3502 1374 3586 magis
1406 3500 1652 3565 ciuibus
1684 3503 1932 3587 patriae
1965 3501 2255 3564 caelestis

140 3583 200 3646 in
227 3585 343 3651 hoc
375 3586 613 3651 mundo
657 3589 1218 3673 peregrinantibus
1265 3589 1617 3674 optandum
1652 3599 1750 3654 est
1783 3600 1847 3654 et
1877 3591 2029 3653 totis
2061 3590 2258 3654 animi

142 3674 373 3740 uiribus
420 3674 925 3762 supplicandum,
972 3687 1062 3760 ut,
1113 3700 1236 3764 quo
1282 3680 1426 3764 plus
1471 3679 1540 3742 in
1584 3678 1822 3743 mundo
1869 3679 2103 3764 quique
2150 3702 2258 3744 ua-

143 3757 291 3841 lent,
346 3786 419 3828 eo
463 3766 737 3850 amplius
785 3768 939 3849 eius,
990 3769 1100 3852 qui
1146 3790 1337 3854 super
1384 3769 1600 3833 omnia
1623 3776 1746 3852 est,
1802 3769 2030 3832 iudicis
2084 3791 2259 3834 man-

145 3845 297 3914 datis
360 3854 719 3918 auscultare
788 3855 1175 3920 contendant
1234 3867 1429 3942 atque
1489 3854 1570 3919 ad
1628 3855 1788 3922 haec
1858 3856 2260 3923 obseruanda
