<?xml version="1.0" encoding="UTF-8"?>
<!DOCTYPE html PUBLIC "-//W3C//DTD XHTML 1.0 Transitional//EN"
    "http://www.w3.org/TR/xhtml1/DTD/xhtml1-transitional.dtd">
<html xmlns="http://www.w3.org/1999/xhtml" xml:lang="en" lang="en">
 <head>
  <title>
</title>
<meta http-equiv="Content-Type" content="text/html;charset=utf-8" />
  <meta name='ocr-system' content='tesseract 3.04.00' />
  <meta name='ocr-capabilities' content='ocr_page ocr_carea ocr_par ocr_line ocrx_word'/>
</head>
<body>
  <div class='ocr_page' id='page_1' title='image "./historiaecclesi00venegoog_0254.png"; bbox 0 0 2723 4326; ppageno 0'>
   <div class='ocr_carea' id='block_1_1' title="bbox 414 164 2545 232">
    <p class='ocr_par' dir='ltr' id='par_1_1' title="bbox 414 164 2545 232">
     <span class='ocr_line' id='line_1_1' title="bbox 414 164 2545 232; baseline -0.008 0"><span class='ocrx_word' id='word_1_1' title='bbox 414 168 544 232; x_wconf 78' lang='lat'><strong>244</strong></span> <span class='ocrx_word' id='word_1_2' title='bbox 2359 164 2423 216; x_wconf 80' lang='lat' dir='ltr'><strong>v,</strong></span> <span class='ocrx_word' id='word_1_3' title='bbox 2465 166 2545 219; x_wconf 92' lang='lat'><strong>11.</strong></span> 
     </span>
    </p>
   </div>
   <div class='ocr_carea' id='block_1_2' title="bbox 412 339 2553 3897">
    <p class='ocr_par' dir='ltr' id='par_1_2' title="bbox 415 339 2547 1052">
     <span class='ocr_line' id='line_1_2' title="bbox 419 339 2547 429; baseline -0.001 -20"><span class='ocrx_word' id='word_1_4' title='bbox 419 345 672 409; x_wconf 87' lang='lat' dir='ltr'><strong>destum</strong></span> <span class='ocrx_word' id='word_1_5' title='bbox 725 343 1009 407; x_wconf 90' lang='lat' dir='ltr'><strong>moribus</strong></span> <span class='ocrx_word' id='word_1_6' title='bbox 1067 350 1131 405; x_wconf 90' lang='lat' dir='ltr'><strong>et</strong></span> <span class='ocrx_word' id='word_1_7' title='bbox 1192 342 1610 407; x_wconf 83' lang='lat' dir='ltr'><strong>mansuetum</strong></span> <span class='ocrx_word' id='word_1_8' title='bbox 1655 342 1846 407; x_wconf 86' lang='lat' dir='ltr'><strong>corde</strong></span> <span class='ocrx_word' id='word_1_9' title='bbox 1893 339 2345 407; x_wconf 85' lang='lat' dir='ltr'><strong>Suidberctum</strong></span> <span class='ocrx_word' id='word_1_10' title='bbox 2359 392 2378 427; x_wconf 89' lang='lat'><strong>,</strong></span> <span class='ocrx_word' id='word_1_11' title='bbox 2438 346 2547 429; x_wconf 92' lang='lat' dir='ltr'><strong>qui</strong></span> 
     </span>
     <span class='ocr_line' id='line_1_3' title="bbox 420 430 2547 516; baseline -0 -19"><span class='ocrx_word' id='word_1_12' title='bbox 420 436 509 498; x_wconf 87' lang='lat' dir='ltr'><strong>eis</strong></span> <span class='ocrx_word' id='word_1_13' title='bbox 558 430 962 497; x_wconf 82' lang='lat' dir='ltr'><strong>ordinaretur</strong></span> <span class='ocrx_word' id='word_1_14' title='bbox 1008 432 1304 514; x_wconf 87' lang='lat' dir='ltr'><strong>antistes,</strong></span> <span class='ocrx_word' id='word_1_15' title='bbox 1354 452 1545 516; x_wconf 91' lang='lat' dir='ltr'><strong>quem</strong></span> <span class='ocrx_word' id='word_1_16' title='bbox 1592 430 1981 496; x_wconf 81' lang='lat' dir='ltr'><strong>Brittaniam</strong></span> <span class='ocrx_word' id='word_1_17' title='bbox 2030 431 2418 496; x_wconf 88' lang='lat' dir='ltr'><strong>destinatum</strong></span> <span class='ocrx_word' id='word_1_18' title='bbox 2465 432 2547 497; x_wconf 90' lang='lat' dir='ltr'><strong>ad</strong></span> 
     </span>
     <span class='ocr_line' id='line_1_4' title="bbox 418 518 2545 610; baseline -0 -24"><span class='ocrx_word' id='word_1_19' title='bbox 418 523 794 610; x_wconf 79' lang='lat' dir='ltr'><strong>petitionem</strong></span> <span class='ocrx_word' id='word_1_20' title='bbox 854 542 1075 585; x_wconf 89' lang='lat' dir='ltr'><strong>eorum</strong></span> <span class='ocrx_word' id='word_1_21' title='bbox 1140 519 1462 584; x_wconf 88' lang='lat' dir='ltr'><strong>ordinauit</strong></span> <span class='ocrx_word' id='word_1_22' title='bbox 1517 521 2076 585; x_wconf 86' lang='lat' dir='ltr'><strong>reuerentissimus</strong></span> <span class='ocrx_word' id='word_1_23' title='bbox 2121 518 2358 585; x_wconf 80' lang='lat' dir='ltr'><strong>Vilfrid</strong></span> <span class='ocrx_word' id='word_1_24' title='bbox 2417 524 2545 609; x_wconf 90' lang='lat' dir='ltr'><strong>epi-</strong></span> 
     </span>
     <span class='ocr_line' id='line_1_5' title="bbox 416 608 2546 697; baseline -0 -22"><span class='ocrx_word' id='word_1_25' title='bbox 416 632 667 697; x_wconf 87' lang='lat' dir='ltr'><strong>scopus,</strong></span> <span class='ocrx_word' id='word_1_26' title='bbox 718 612 827 696; x_wconf 92' lang='lat' dir='ltr'><strong>qui</strong></span> <span class='ocrx_word' id='word_1_27' title='bbox 872 618 1024 674; x_wconf 84' lang='lat' dir='ltr'><strong>tunc</strong></span> <span class='ocrx_word' id='word_1_28' title='bbox 1071 608 1238 673; x_wconf 87' lang='lat' dir='ltr'><strong>forte</strong></span> <span class='ocrx_word' id='word_1_29' title='bbox 1285 610 1500 695; x_wconf 85' lang='lat' dir='ltr'><strong>patria</strong></span> <span class='ocrx_word' id='word_1_30' title='bbox 1543 609 1758 695; x_wconf 87' lang='lat' dir='ltr'><strong>pulsus</strong></span> <span class='ocrx_word' id='word_1_31' title='bbox 1806 610 1875 673; x_wconf 89' lang='lat' dir='ltr'><strong>in</strong></span> <span class='ocrx_word' id='word_1_32' title='bbox 1904 608 2295 674; x_wconf 89' lang='lat' dir='ltr'><strong>Merciorum</strong></span> <span class='ocrx_word' id='word_1_33' title='bbox 2338 612 2546 695; x_wconf 85' lang='lat' dir='ltr'><strong>regio·</strong></span> 
     </span>
     <span class='ocr_line' id='line_1_6' title="bbox 415 696 2542 785; baseline -0.001 -20"><span class='ocrx_word' id='word_1_34' title='bbox 415 701 603 765; x_wconf 85' lang='lat' dir='ltr'><strong>nibus</strong></span> <span class='ocrx_word' id='word_1_35' title='bbox 668 698 988 763; x_wconf 82' lang='lat' dir='ltr'><strong>exulabat.</strong></span> <span class='ocrx_word' id='word_1_36' title='bbox 1081 696 1231 761; x_wconf 90' lang='lat' dir='ltr'><strong>Non</strong></span> <span class='ocrx_word' id='word_1_37' title='bbox 1294 700 1469 762; x_wconf 90' lang='lat' dir='ltr'><strong>enim</strong></span> <span class='ocrx_word' id='word_1_38' title='bbox 1515 720 1590 762; x_wconf 89' lang='lat' dir='ltr'><strong>eo</strong></span> <span class='ocrx_word' id='word_1_39' title='bbox 1635 707 1926 784; x_wconf 85' lang='lat' dir='ltr'><strong>tempore</strong></span> <span class='ocrx_word' id='word_1_40' title='bbox 1972 698 2254 764; x_wconf 87' lang='lat' dir='ltr'><strong>habebat</strong></span> <span class='ocrx_word' id='word_1_41' title='bbox 2301 700 2542 785; x_wconf 87' lang='lat' dir='ltr'><strong>episco-</strong></span> 
     </span>
     <span class='ocr_line' id='line_1_7' title="bbox 460 785 2544 873; baseline -0 -20"><span class='ocrx_word' id='word_1_42' title='bbox 460 811 571 853; x_wconf 90' lang='lat' dir='ltr'><strong>um</strong></span> <span class='ocrx_word' id='word_1_43' title='bbox 618 786 851 853; x_wconf 85' lang='lat' dir='ltr'><strong>Cantia</strong></span> <span class='ocrx_word' id='word_1_44' title='bbox 864 838 883 873; x_wconf 90' lang='lat'><strong>,</strong></span> <span class='ocrx_word' id='word_1_45' title='bbox 954 785 1257 852; x_wconf 85' lang='lat' dir='ltr'><strong>defuncto</strong></span> <span class='ocrx_word' id='word_1_46' title='bbox 1314 786 1574 872; x_wconf 89' lang='lat' dir='ltr'><strong>quidem</strong></span> <span class='ocrx_word' id='word_1_47' title='bbox 1645 785 1988 852; x_wconf 88' lang='lat' dir='ltr'><strong>Theodoro</strong></span> <span class='ocrx_word' id='word_1_48' title='bbox 1998 839 2016 871; x_wconf 87' lang='lat'><strong>,</strong></span> <span class='ocrx_word' id='word_1_49' title='bbox 2087 786 2204 852; x_wconf 85' lang='lat' dir='ltr'><strong>sed</strong></span> <span class='ocrx_word' id='word_1_50' title='bbox 2269 788 2544 853; x_wconf 88' lang='lat' dir='ltr'><strong>necdum</strong></span> 
     </span>
     <span class='ocr_line' id='line_1_8' title="bbox 415 813 2544 962; baseline -0 -19"><span class='ocrx_word' id='word_1_51' title='bbox 415 813 807 943; x_wconf 47' lang='lat' dir='ltr'><strong>{erctualdo</strong></span> <span class='ocrx_word' id='word_1_52' title='bbox 872 897 1243 941; x_wconf 77' lang='lat' dir='ltr'><strong>successore</strong></span> <span class='ocrx_word' id='word_1_53' title='bbox 1306 878 1472 960; x_wconf 86' lang='lat' dir='ltr'><strong>eius,</strong></span> <span class='ocrx_word' id='word_1_54' title='bbox 1537 877 1645 962; x_wconf 91' lang='lat' dir='ltr'><strong>qui</strong></span> <span class='ocrx_word' id='word_1_55' title='bbox 1704 886 1882 940; x_wconf 89' lang='lat' dir='ltr'><strong>trans</strong></span> <span class='ocrx_word' id='word_1_56' title='bbox 1929 898 2108 941; x_wconf 88' lang='lat' dir='ltr'><strong>mare</strong></span> <span class='ocrx_word' id='word_1_57' title='bbox 2155 875 2544 942; x_wconf 86' lang='lat' dir='ltr'><strong>ordinandus</strong></span> 
     </span>
     <span class='ocr_line' id='line_1_9' title="bbox 416 965 1906 1052; baseline -0.001 -21"><span class='ocrx_word' id='word_1_58' title='bbox 416 969 599 1052; x_wconf 88' lang='lat' dir='ltr'><strong>ierat,</strong></span> <span class='ocrx_word' id='word_1_59' title='bbox 646 965 729 1031; x_wconf 87' lang='lat' dir='ltr'><strong>ad</strong></span> <span class='ocrx_word' id='word_1_60' title='bbox 778 965 998 1031; x_wconf 87' lang='lat' dir='ltr'><strong>sedem</strong></span> <span class='ocrx_word' id='word_1_61' title='bbox 1044 966 1452 1051; x_wconf 81' lang='lat' dir='ltr'><strong>episcopatus</strong></span> <span class='ocrx_word' id='word_1_62' title='bbox 1497 966 1595 1029; x_wconf 91' lang='lat' dir='ltr'><strong>sui</strong></span> <span class='ocrx_word' id='word_1_63' title='bbox 1625 986 1906 1030; x_wconf 90' lang='lat' dir='ltr'><strong>reuers0.</strong></span> 
     </span>
    </p>

    <p class='ocr_par' dir='ltr' id='par_1_3' title="bbox 413 1050 2548 2117">
     <span class='ocr_line' id='line_1_10' title="bbox 594 1050 2544 1141; baseline 0.001 -23"><span class='ocrx_word' id='word_1_64' title='bbox 594 1054 720 1134; x_wconf 83' lang='lat' dir='ltr'><strong>Qui</strong></span> <span class='ocrx_word' id='word_1_65' title='bbox 766 1053 1071 1120; x_wconf 89' lang='lat' dir='ltr'><strong>uidelicet</strong></span> <span class='ocrx_word' id='word_1_66' title='bbox 1120 1050 1466 1119; x_wconf 84' lang='lat' dir='ltr'><strong>Suidberct</strong></span> <span class='ocrx_word' id='word_1_67' title='bbox 1511 1063 1776 1141; x_wconf 87' lang='lat' dir='ltr'><strong>accepto</strong></span> <span class='ocrx_word' id='word_1_68' title='bbox 1824 1055 2215 1140; x_wconf 89' lang='lat' dir='ltr'><strong>episcopatu,</strong></span> <span class='ocrx_word' id='word_1_69' title='bbox 2262 1052 2343 1119; x_wconf 91' lang='lat' dir='ltr'><strong>de</strong></span> <span class='ocrx_word' id='word_1_70' title='bbox 2373 1052 2544 1119; x_wconf 90' lang='lat' dir='ltr'><strong>Brit-</strong></span> 
     </span>
     <span class='ocr_line' id='line_1_11' title="bbox 416 1141 2547 1230; baseline -0 -21"><span class='ocrx_word' id='word_1_71' title='bbox 416 1146 592 1209; x_wconf 90' lang='lat' dir='ltr'><strong>tania</strong></span> <span class='ocrx_word' id='word_1_72' title='bbox 636 1166 969 1229; x_wconf 78' lang='lat' dir='ltr'><strong>regressus</strong></span> <span class='ocrx_word' id='word_1_73' title='bbox 1013 1165 1143 1207; x_wconf 91' lang='lat' dir='ltr'><strong>non</strong></span> <span class='ocrx_word' id='word_1_74' title='bbox 1187 1143 1393 1207; x_wconf 90' lang='lat' dir='ltr'><strong>multo</strong></span> <span class='ocrx_word' id='word_1_75' title='bbox 1425 1152 1571 1230; x_wconf 88' lang='lat' dir='ltr'><strong>post</strong></span> <span class='ocrx_word' id='word_1_76' title='bbox 1601 1141 1682 1207; x_wconf 87' lang='lat' dir='ltr'><strong>ad</strong></span> <span class='ocrx_word' id='word_1_77' title='bbox 1714 1151 1971 1228; x_wconf 84' lang='lat' dir='ltr'><strong>gentem</strong></span> <span class='ocrx_word' id='word_1_78' title='bbox 2001 1142 2547 1209; x_wconf 87' lang='lat' dir='ltr'><strong>Boructuarorum</strong></span> 
     </span>
     <span class='ocr_line' id='line_1_12' title="bbox 416 1231 2547 1319; baseline 0 -22"><span class='ocrx_word' id='word_1_79' title='bbox 416 1234 681 1299; x_wconf 88' lang='lat' dir='ltr'><strong>secessit</strong></span> <span class='ocrx_word' id='word_1_80' title='bbox 726 1256 801 1299; x_wconf 88' lang='lat' dir='ltr'><strong>ac</strong></span> <span class='ocrx_word' id='word_1_81' title='bbox 848 1232 1085 1297; x_wconf 88' lang='lat' dir='ltr'><strong>multos</strong></span> <span class='ocrx_word' id='word_1_82' title='bbox 1148 1253 1372 1296; x_wconf 87' lang='lat' dir='ltr'><strong>eorum</strong></span> <span class='ocrx_word' id='word_1_83' title='bbox 1427 1232 1860 1319; x_wconf 84' lang='lat' dir='ltr'><strong>praedicando</strong></span> <span class='ocrx_word' id='word_1_84' title='bbox 1907 1231 1990 1297; x_wconf 86' lang='lat' dir='ltr'><strong>ad</strong></span> <span class='ocrx_word' id='word_1_85' title='bbox 2033 1234 2208 1296; x_wconf 85' lang='lat' dir='ltr'><strong>uiam</strong></span> <span class='ocrx_word' id='word_1_86' title='bbox 2253 1234 2547 1297; x_wconf 87' lang='lat' dir='ltr'><strong>ueritatis</strong></span> 
     </span>
     <span class='ocr_line' id='line_1_13' title="bbox 415 1319 2542 1409; baseline 0 -23"><span class='ocrx_word' id='word_1_87' title='bbox 415 1322 735 1409; x_wconf 89' lang='lat' dir='ltr'><strong>perduxit.</strong></span> <span class='ocrx_word' id='word_1_88' title='bbox 831 1319 963 1387; x_wconf 83' lang='lat' dir='ltr'><strong>Sed</strong></span> <span class='ocrx_word' id='word_1_89' title='bbox 1018 1322 1409 1406; x_wconf 87' lang='lat' dir='ltr'><strong>expugnatis</strong></span> <span class='ocrx_word' id='word_1_90' title='bbox 1464 1343 1592 1386; x_wconf 91' lang='lat' dir='ltr'><strong>non</strong></span> <span class='ocrx_word' id='word_1_91' title='bbox 1652 1322 1845 1405; x_wconf 90' lang='lat' dir='ltr'><strong>longo</strong></span> <span class='ocrx_word' id='word_1_92' title='bbox 1889 1329 2038 1408; x_wconf 86' lang='lat' dir='ltr'><strong>post</strong></span> <span class='ocrx_word' id='word_1_93' title='bbox 2080 1330 2371 1409; x_wconf 85' lang='lat' dir='ltr'><strong>tempore</strong></span> <span class='ocrx_word' id='word_1_94' title='bbox 2416 1321 2542 1386; x_wconf 93' lang='lat' dir='ltr'><strong>Bo-</strong></span> 
     </span>
     <span class='ocr_line' id='line_1_14' title="bbox 416 1407 2546 1497; baseline 0 -23"><span class='ocrx_word' id='word_1_95' title='bbox 416 1412 734 1475; x_wconf 84' lang='lat' dir='ltr'><strong>metuaris</strong></span> <span class='ocrx_word' id='word_1_96' title='bbox 765 1434 806 1475; x_wconf 90' lang='lat' dir='ltr'><strong>a</strong></span> <span class='ocrx_word' id='word_1_97' title='bbox 836 1418 1029 1493; x_wconf 90' lang='lat' dir='ltr'><strong>gente</strong></span> <span class='ocrx_word' id='word_1_98' title='bbox 1060 1407 1495 1495; x_wconf 90' lang='lat' dir='ltr'><strong>Antiquorum</strong></span> <span class='ocrx_word' id='word_1_99' title='bbox 1527 1408 1876 1494; x_wconf 80' lang='lat' dir='ltr'><strong>Saxonum,</strong></span> <span class='ocrx_word' id='word_1_100' title='bbox 1906 1408 2181 1497; x_wconf 85' lang='lat' dir='ltr'><strong>dispersi</strong></span> <span class='ocrx_word' id='word_1_101' title='bbox 2210 1419 2361 1477; x_wconf 89' lang='lat' dir='ltr'><strong>sunt</strong></span> <span class='ocrx_word' id='word_1_102' title='bbox 2393 1433 2546 1496; x_wconf 89' lang='lat' dir='ltr'><strong>quo—</strong></span> 
     </span>
     <span class='ocr_line' id='line_1_15' title="bbox 413 1498 2543 1586; baseline 0 -22"><span class='ocrx_word' id='word_1_103' title='bbox 413 1500 573 1564; x_wconf 89' lang='lat' dir='ltr'><strong>libet</strong></span> <span class='ocrx_word' id='word_1_104' title='bbox 618 1498 703 1585; x_wconf 90' lang='lat' dir='ltr'><strong>hi,</strong></span> <span class='ocrx_word' id='word_1_105' title='bbox 754 1501 863 1585; x_wconf 90' lang='lat' dir='ltr'><strong>qui</strong></span> <span class='ocrx_word' id='word_1_106' title='bbox 908 1498 1181 1562; x_wconf 86' lang='lat' dir='ltr'><strong>uerbum</strong></span> <span class='ocrx_word' id='word_1_107' title='bbox 1227 1509 1636 1586; x_wconf 86' lang='lat' dir='ltr'><strong>receperant3</strong></span> <span class='ocrx_word' id='word_1_108' title='bbox 1697 1501 1836 1586; x_wconf 89' lang='lat' dir='ltr'><strong>ipse</strong></span> <span class='ocrx_word' id='word_1_109' title='bbox 1903 1502 2168 1564; x_wconf 88' lang='lat' dir='ltr'><strong>antistes</strong></span> <span class='ocrx_word' id='word_1_110' title='bbox 2215 1522 2362 1564; x_wconf 89' lang='lat' dir='ltr'><strong>oum</strong></span> <span class='ocrx_word' id='word_1_111' title='bbox 2407 1502 2543 1585; x_wconf 91' lang='lat' dir='ltr'><strong>qui-</strong></span> 
     </span>
     <span class='ocr_line' id='line_1_16' title="bbox 417 1587 2548 1675; baseline 0.001 -24"><span class='ocrx_word' id='word_1_112' title='bbox 417 1588 687 1653; x_wconf 86' lang='lat' dir='ltr'><strong>busdam</strong></span> <span class='ocrx_word' id='word_1_113' title='bbox 742 1587 1087 1675; x_wconf 89' lang='lat' dir='ltr'><strong>Pippinum</strong></span> <span class='ocrx_word' id='word_1_114' title='bbox 1139 1590 1327 1673; x_wconf 89' lang='lat' dir='ltr'><strong>petiit</strong></span> <span class='ocrx_word' id='word_1_115' title='bbox 1340 1639 1359 1673; x_wconf 94' lang='lat'><strong>,</strong></span> <span class='ocrx_word' id='word_1_116' title='bbox 1426 1590 1536 1674; x_wconf 88' lang='lat' dir='ltr'><strong>qui</strong></span> <span class='ocrx_word' id='word_1_117' title='bbox 1590 1587 2035 1675; x_wconf 84' lang='lat' dir='ltr'><strong>interpellante</strong></span> <span class='ocrx_word' id='word_1_118' title='bbox 2090 1588 2548 1675; x_wconf 83' lang='lat' dir='ltr'><strong>Bliththrydae</strong></span> 
     </span>
     <span class='ocr_line' id='line_1_17' title="bbox 415 1676 2546 1764; baseline 0 -23"><span class='ocrx_word' id='word_1_119' title='bbox 415 1678 689 1763; x_wconf 88' lang='lat' dir='ltr'><strong>coniuge</strong></span> <span class='ocrx_word' id='word_1_120' title='bbox 736 1699 853 1741; x_wconf 88' lang='lat' dir='ltr'><strong>sua</strong></span> <span class='ocrx_word' id='word_1_121' title='bbox 896 1676 1073 1741; x_wconf 84' lang='lat' dir='ltr'><strong>dedit</strong></span> <span class='ocrx_word' id='word_1_122' title='bbox 1132 1678 1192 1740; x_wconf 88' lang='lat' dir='ltr'><strong>ei</strong></span> <span class='ocrx_word' id='word_1_123' title='bbox 1247 1676 1462 1741; x_wconf 91' lang='lat' dir='ltr'><strong>locum</strong></span> <span class='ocrx_word' id='word_1_124' title='bbox 1509 1678 1856 1742; x_wconf 85' lang='lat' dir='ltr'><strong>mansionis</strong></span> <span class='ocrx_word' id='word_1_125' title='bbox 1903 1679 1969 1741; x_wconf 90' lang='lat' dir='ltr'><strong>in</strong></span> <span class='ocrx_word' id='word_1_126' title='bbox 2012 1678 2219 1743; x_wconf 86' lang='lat' dir='ltr'><strong>insula</strong></span> <span class='ocrx_word' id='word_1_127' title='bbox 2266 1679 2546 1764; x_wconf 88' lang='lat' dir='ltr'><strong>quadam</strong></span> 
     </span>
     <span class='ocr_line' id='line_1_18' title="bbox 413 1765 2546 1853; baseline 0.002 -25"><span class='ocrx_word' id='word_1_128' title='bbox 413 1765 656 1851; x_wconf 80' lang='lat' dir='ltr'><strong>Rheni,</strong></span> <span class='ocrx_word' id='word_1_129' title='bbox 719 1788 884 1852; x_wconf 90' lang='lat' dir='ltr'><strong>quae</strong></span> <span class='ocrx_word' id='word_1_130' title='bbox 929 1765 1153 1850; x_wconf 88' lang='lat' dir='ltr'><strong>lingua</strong></span> <span class='ocrx_word' id='word_1_131' title='bbox 1200 1787 1421 1829; x_wconf 88' lang='lat' dir='ltr'><strong>eorum</strong></span> <span class='ocrx_word' id='word_1_132' title='bbox 1482 1775 1751 1832; x_wconf 86' lang='lat' dir='ltr'><strong>uocatur</strong></span> <span class='ocrx_word' id='word_1_133' title='bbox 1815 1766 1893 1829; x_wconf 92' lang='lat' dir='ltr'><strong>In</strong></span> <span class='ocrx_word' id='word_1_134' title='bbox 1960 1768 2210 1838; x_wconf 88' lang='lat' dir='ltr'><strong>littore:</strong></span> <span class='ocrx_word' id='word_1_135' title='bbox 2281 1770 2348 1831; x_wconf 90' lang='lat' dir='ltr'><strong>in</strong></span> <span class='ocrx_word' id='word_1_136' title='bbox 2417 1786 2546 1853; x_wconf 86' lang='lat' dir='ltr'><strong>qua</strong></span> 
     </span>
     <span class='ocr_line' id='line_1_19' title="bbox 413 1853 2546 1941; baseline 0.001 -23"><span class='ocrx_word' id='word_1_137' title='bbox 413 1857 574 1941; x_wconf 90' lang='lat' dir='ltr'><strong>ipse,</strong></span> <span class='ocrx_word' id='word_1_138' title='bbox 624 1862 989 1920; x_wconf 87' lang='lat' dir='ltr'><strong>constructo</strong></span> <span class='ocrx_word' id='word_1_139' title='bbox 1036 1855 1427 1919; x_wconf 87' lang='lat' dir='ltr'><strong>monasterio</strong></span> <span class='ocrx_word' id='word_1_140' title='bbox 1446 1905 1465 1939; x_wconf 93' lang='lat'><strong>,</strong></span> <span class='ocrx_word' id='word_1_141' title='bbox 1515 1855 1686 1940; x_wconf 88' lang='lat' dir='ltr'><strong>quod</strong></span> <span class='ocrx_word' id='word_1_142' title='bbox 1731 1854 2041 1920; x_wconf 87' lang='lat' dir='ltr'><strong>hactenus</strong></span> <span class='ocrx_word' id='word_1_143' title='bbox 2087 1853 2357 1920; x_wconf 90' lang='lat' dir='ltr'><strong>heredes</strong></span> <span class='ocrx_word' id='word_1_144' title='bbox 2407 1860 2546 1921; x_wconf 89' lang='lat' dir='ltr'><strong>eius</strong></span> 
     </span>
     <span class='ocr_line' id='line_1_20' title="bbox 415 1941 2546 2029; baseline 0 -22"><span class='ocrx_word' id='word_1_145' title='bbox 415 1943 760 2029; x_wconf 87' lang='lat' dir='ltr'><strong>possident,</strong></span> <span class='ocrx_word' id='word_1_146' title='bbox 808 1941 1177 2029; x_wconf 85' lang='lat' dir='ltr'><strong>aliquandiu</strong></span> <span class='ocrx_word' id='word_1_147' title='bbox 1224 1945 1838 2009; x_wconf 87' lang='lat' dir='ltr'><strong>continentissimam</strong></span> <span class='ocrx_word' id='word_1_148' title='bbox 1899 1946 2098 2028; x_wconf 88' lang='lat' dir='ltr'><strong>gessit</strong></span> <span class='ocrx_word' id='word_1_149' title='bbox 2166 1945 2367 2009; x_wconf 89' lang='lat' dir='ltr'><strong>uitam</strong></span> <span class='ocrx_word' id='word_1_150' title='bbox 2428 1946 2546 2010; x_wconf 92' lang='lat' dir='ltr'><strong>ibi-</strong></span> 
     </span>
     <span class='ocr_line' id='line_1_21' title="bbox 414 2029 1393 2117; baseline -0.001 -21"><span class='ocrx_word' id='word_1_151' title='bbox 414 2054 539 2117; x_wconf 88' lang='lat' dir='ltr'><strong>que</strong></span> <span class='ocrx_word' id='word_1_152' title='bbox 585 2029 756 2098; x_wconf 90' lang='lat' dir='ltr'><strong>diem</strong></span> <span class='ocrx_word' id='word_1_153' title='bbox 803 2033 1030 2098; x_wconf 89' lang='lat' dir='ltr'><strong>clausit</strong></span> <span class='ocrx_word' id='word_1_154' title='bbox 1074 2032 1393 2096; x_wconf 87' lang='lat' dir='ltr'><strong>ultimum.</strong></span> 
     </span>
    </p>

    <p class='ocr_par' dir='ltr' id='par_1_4' title="bbox 413 2121 2553 3007">
     <span class='ocr_line' id='line_1_22' title="bbox 590 2121 2548 2208; baseline 0.001 -22"><span class='ocrx_word' id='word_1_155' title='bbox 590 2121 939 2208; x_wconf 89' lang='lat' dir='ltr'><strong>Postquam</strong></span> <span class='ocrx_word' id='word_1_156' title='bbox 984 2143 1139 2187; x_wconf 91' lang='lat' dir='ltr'><strong>uero</strong></span> <span class='ocrx_word' id='word_1_157' title='bbox 1186 2143 1305 2208; x_wconf 90' lang='lat' dir='ltr'><strong>per</strong></span> <span class='ocrx_word' id='word_1_158' title='bbox 1352 2142 1550 2186; x_wconf 85' lang='lat' dir='ltr'><strong>annos</strong></span> <span class='ocrx_word' id='word_1_159' title='bbox 1597 2123 1842 2208; x_wconf 87' lang='lat' dir='ltr'><strong>aliquot</strong></span> <span class='ocrx_word' id='word_1_160' title='bbox 1887 2123 1955 2187; x_wconf 91' lang='lat' dir='ltr'><strong>in</strong></span> <span class='ocrx_word' id='word_1_161' title='bbox 1985 2122 2231 2206; x_wconf 85' lang='lat' dir='ltr'><strong>Fresia‚</strong></span> <span class='ocrx_word' id='word_1_162' title='bbox 2279 2124 2391 2208; x_wconf 88' lang='lat' dir='ltr'><strong>qui</strong></span> <span class='ocrx_word' id='word_1_163' title='bbox 2435 2121 2548 2188; x_wconf 84' lang='lat' dir='ltr'><strong>ad·</strong></span> 
     </span>
     <span class='ocr_line' id='line_1_23' title="bbox 413 2211 2547 2298; baseline 0 -23"><span class='ocrx_word' id='word_1_164' title='bbox 413 2220 742 2295; x_wconf 89' lang='lat' dir='ltr'><strong>uenerant,</strong></span> <span class='ocrx_word' id='word_1_165' title='bbox 812 2211 1187 2294; x_wconf 89' lang='lat' dir='ltr'><strong>docuerunt,</strong></span> <span class='ocrx_word' id='word_1_166' title='bbox 1260 2212 1436 2275; x_wconf 88' lang='lat' dir='ltr'><strong>misit</strong></span> <span class='ocrx_word' id='word_1_167' title='bbox 1483 2211 1720 2298; x_wconf 90' lang='lat' dir='ltr'><strong>Pippin</strong></span> <span class='ocrx_word' id='word_1_168' title='bbox 1766 2211 2023 2276; x_wconf 84' lang='lat' dir='ltr'><strong>fauente</strong></span> <span class='ocrx_word' id='word_1_169' title='bbox 2069 2213 2352 2277; x_wconf 90' lang='lat' dir='ltr'><strong>omnium</strong></span> <span class='ocrx_word' id='word_1_170' title='bbox 2397 2234 2547 2276; x_wconf 91' lang='lat' dir='ltr'><strong>con-</strong></span> 
     </span>
     <span class='ocr_line' id='line_1_24' title="bbox 416 2298 2549 2384; baseline 0.001 -21"><span class='ocrx_word' id='word_1_171' title='bbox 416 2322 607 2364; x_wconf 90' lang='lat' dir='ltr'><strong>sensu</strong></span> <span class='ocrx_word' id='word_1_172' title='bbox 652 2302 864 2364; x_wconf 88' lang='lat' dir='ltr'><strong>uirum</strong></span> <span class='ocrx_word' id='word_1_173' title='bbox 910 2298 1350 2363; x_wconf 88' lang='lat' dir='ltr'><strong>uenerabilem</strong></span> <span class='ocrx_word' id='word_1_174' title='bbox 1393 2298 1813 2365; x_wconf 89' lang='lat' dir='ltr'><strong>Vilbrordum</strong></span> <span class='ocrx_word' id='word_1_175' title='bbox 1858 2301 2160 2384; x_wconf 84' lang='lat' dir='ltr'><strong>Romam,</strong></span> <span class='ocrx_word' id='word_1_176' title='bbox 2211 2302 2390 2365; x_wconf 91' lang='lat' dir='ltr'><strong>cuius</strong></span> <span class='ocrx_word' id='word_1_177' title='bbox 2437 2301 2549 2366; x_wconf 89' lang='lat' dir='ltr'><strong>ad-</strong></span> 
     </span>
     <span class='ocr_line' id='line_1_25' title="bbox 414 2385 2553 2475; baseline 0.001 -22"><span class='ocrx_word' id='word_1_178' title='bbox 414 2389 540 2453; x_wconf 88' lang='lat' dir='ltr'><strong>huc</strong></span> <span class='ocrx_word' id='word_1_179' title='bbox 586 2387 1031 2475; x_wconf 88' lang='lat' dir='ltr'><strong>pontificatum</strong></span> <span class='ocrx_word' id='word_1_180' title='bbox 1077 2385 1345 2472; x_wconf 86' lang='lat' dir='ltr'><strong>Sergius</strong></span> <span class='ocrx_word' id='word_1_181' title='bbox 1402 2387 1711 2473; x_wconf 87' lang='lat' dir='ltr'><strong>habebat,</strong></span> <span class='ocrx_word' id='word_1_182' title='bbox 1783 2390 2108 2475; x_wconf 86' lang='lat' dir='ltr'><strong>postulans</strong></span> <span class='ocrx_word' id='word_1_183' title='bbox 2125 2439 2143 2472; x_wconf 71' lang='lat'><em>7</em></span> <span class='ocrx_word' id='word_1_184' title='bbox 2203 2399 2276 2454; x_wconf 88' lang='lat' dir='ltr'><strong>ut</strong></span> <span class='ocrx_word' id='word_1_185' title='bbox 2336 2387 2553 2456; x_wconf 89' lang='lat' dir='ltr'><strong>eidem</strong></span> 
     </span>
     <span class='ocr_line' id='line_1_26' title="bbox 414 2475 2552 2564; baseline 0 -22"><span class='ocrx_word' id='word_1_186' title='bbox 414 2477 771 2542; x_wconf 84' lang='lat' dir='ltr'><strong>Fresonum</strong></span> <span class='ocrx_word' id='word_1_187' title='bbox 815 2478 995 2563; x_wconf 89' lang='lat' dir='ltr'><strong>genti</strong></span> <span class='ocrx_word' id='word_1_188' title='bbox 1028 2475 1544 2564; x_wconf 88' lang='lat' dir='ltr'><strong>archiepiscopus</strong></span> <span class='ocrx_word' id='word_1_189' title='bbox 1578 2478 1995 2542; x_wconf 86' lang='lat' dir='ltr'><strong>ordinaretur.</strong></span> <span class='ocrx_word' id='word_1_190' title='bbox 2090 2476 2279 2556; x_wconf 82' lang='lat' dir='ltr'><strong>Quod</strong></span> <span class='ocrx_word' id='word_1_191' title='bbox 2311 2481 2422 2560; x_wconf 86' lang='lat' dir='ltr'><strong>ita,</strong></span> <span class='ocrx_word' id='word_1_192' title='bbox 2473 2488 2552 2543; x_wconf 89' lang='lat' dir='ltr'><strong>ut</strong></span> 
     </span>
     <span class='ocr_line' id='line_1_27' title="bbox 414 2565 2551 2653; baseline 0.002 -23"><span class='ocrx_word' id='word_1_193' title='bbox 414 2567 705 2652; x_wconf 90' lang='lat' dir='ltr'><strong>petierat,</strong></span> <span class='ocrx_word' id='word_1_194' title='bbox 722 2565 1059 2653; x_wconf 91' lang='lat' dir='ltr'><strong>impletum</strong></span> <span class='ocrx_word' id='word_1_195' title='bbox 1084 2575 1185 2631; x_wconf 90' lang='lat' dir='ltr'><strong>est</strong></span> <span class='ocrx_word' id='word_1_196' title='bbox 1192 2589 1359 2631; x_wconf 87' lang='lat' dir='ltr'><strong>anno</strong></span> <span class='ocrx_word' id='word_1_197' title='bbox 1374 2567 1458 2631; x_wconf 85' lang='lat' dir='ltr'><strong>ab</strong></span> <span class='ocrx_word' id='word_1_198' title='bbox 1472 2569 1909 2632; x_wconf 88' lang='lat' dir='ltr'><strong>incarnatione</strong></span> <span class='ocrx_word' id='word_1_199' title='bbox 1917 2567 2158 2631; x_wconf 89' lang='lat' dir='ltr'><strong>domini</strong></span> <span class='ocrx_word' id='word_1_200' title='bbox 2172 2566 2551 2635; x_wconf 81' lang='lat' dir='ltr'>DOXOVI.</span> 
     </span>
     <span class='ocr_line' id='line_1_28' title="bbox 416 2651 2548 2741; baseline 0.001 -23"><span class='ocrx_word' id='word_1_201' title='bbox 416 2651 767 2719; x_wconf 83' lang='lat' dir='ltr'><strong>Ordinatus</strong></span> <span class='ocrx_word' id='word_1_202' title='bbox 814 2653 912 2719; x_wconf 88' lang='lat' dir='ltr'><strong>est</strong></span> <span class='ocrx_word' id='word_1_203' title='bbox 956 2664 1173 2718; x_wconf 88' lang='lat' dir='ltr'><strong>autem</strong></span> <span class='ocrx_word' id='word_1_204' title='bbox 1219 2657 1287 2718; x_wconf 93' lang='lat' dir='ltr'><strong>in</strong></span> <span class='ocrx_word' id='word_1_205' title='bbox 1319 2655 1588 2719; x_wconf 86' lang='lat' dir='ltr'><strong>ecclesia</strong></span> <span class='ocrx_word' id='word_1_206' title='bbox 1620 2665 1876 2721; x_wconf 85' lang='lat' dir='ltr'><strong>sanctae</strong></span> <span class='ocrx_word' id='word_1_207' title='bbox 1908 2657 2211 2741; x_wconf 85' lang='lat' dir='ltr'><strong>martyris</strong></span> <span class='ocrx_word' id='word_1_208' title='bbox 2245 2655 2548 2741; x_wconf 81' lang='lat' dir='ltr'><strong>Ceciliae,</strong></span> 
     </span>
     <span class='ocr_line' id='line_1_29' title="bbox 416 2742 2551 2832; baseline 0.002 -26"><span class='ocrx_word' id='word_1_209' title='bbox 416 2742 519 2807; x_wconf 86' lang='lat' dir='ltr'><strong>die</strong></span> <span class='ocrx_word' id='word_1_210' title='bbox 564 2745 797 2808; x_wconf 86' lang='lat' dir='ltr'><strong>natalis</strong></span> <span class='ocrx_word' id='word_1_211' title='bbox 844 2746 1009 2826; x_wconf 89' lang='lat' dir='ltr'><strong>eius,</strong></span> <span class='ocrx_word' id='word_1_212' title='bbox 1072 2744 1372 2831; x_wconf 88' lang='lat' dir='ltr'><strong>imposito</strong></span> <span class='ocrx_word' id='word_1_213' title='bbox 1421 2745 1543 2809; x_wconf 91' lang='lat' dir='ltr'><strong>sibi</strong></span> <span class='ocrx_word' id='word_1_214' title='bbox 1588 2767 1626 2807; x_wconf 89' lang='lat' dir='ltr'><strong>a</strong></span> <span class='ocrx_word' id='word_1_215' title='bbox 1670 2767 1840 2832; x_wconf 88' lang='lat' dir='ltr'><strong>papa</strong></span> <span class='ocrx_word' id='word_1_216' title='bbox 1887 2754 2240 2810; x_wconf 89' lang='lat' dir='ltr'><strong>memorato</strong></span> <span class='ocrx_word' id='word_1_217' title='bbox 2284 2748 2551 2810; x_wconf 89' lang='lat' dir='ltr'><strong>nomine</strong></span> 
     </span>
     <span class='ocr_line' id='line_1_30' title="bbox 417 2830 2550 2921; baseline 0.001 -25"><span class='ocrx_word' id='word_1_218' title='bbox 417 2830 789 2896; x_wconf 82' lang='lat' dir='ltr'><strong>Clementis:</strong></span> <span class='ocrx_word' id='word_1_219' title='bbox 848 2855 925 2898; x_wconf 83' lang='lat' dir='ltr'><strong>ac</strong></span> <span class='ocrx_word' id='word_1_220' title='bbox 984 2854 1135 2898; x_wconf 90' lang='lat' dir='ltr'><strong>mox</strong></span> <span class='ocrx_word' id='word_1_221' title='bbox 1192 2834 1498 2896; x_wconf 89' lang='lat' dir='ltr'><strong>remissus</strong></span> <span class='ocrx_word' id='word_1_222' title='bbox 1553 2830 1635 2896; x_wconf 90' lang='lat' dir='ltr'><strong>ad</strong></span> <span class='ocrx_word' id='word_1_223' title='bbox 1694 2832 1911 2898; x_wconf 89' lang='lat' dir='ltr'><strong>sedem</strong></span> <span class='ocrx_word' id='word_1_224' title='bbox 1972 2835 2378 2921; x_wconf 88' lang='lat' dir='ltr'><strong>episcopatus</strong></span> <span class='ocrx_word' id='word_1_225' title='bbox 2424 2837 2550 2920; x_wconf 90' lang='lat' dir='ltr'><strong>sui,</strong></span> 
     </span>
     <span class='ocr_line' id='line_1_31' title="bbox 414 2918 2308 3007; baseline 0.001 -23"><span class='ocrx_word' id='word_1_226' title='bbox 414 2918 483 2984; x_wconf 86' lang='lat' dir='ltr'><strong>id</strong></span> <span class='ocrx_word' id='word_1_227' title='bbox 529 2929 625 2984; x_wconf 88' lang='lat' dir='ltr'><strong>est</strong></span> <span class='ocrx_word' id='word_1_228' title='bbox 671 2929 816 3007; x_wconf 89' lang='lat' dir='ltr'><strong>post</strong></span> <span class='ocrx_word' id='word_1_229' title='bbox 863 2921 998 2986; x_wconf 86' lang='lat' dir='ltr'><strong>dies</strong></span> <span class='ocrx_word' id='word_1_230' title='bbox 1044 2918 1278 3005; x_wconf 85' lang='lat' dir='ltr'>XIIII,</span> <span class='ocrx_word' id='word_1_231' title='bbox 1329 2944 1412 2986; x_wconf 90' lang='lat' dir='ltr'><strong>ex</strong></span> <span class='ocrx_word' id='word_1_232' title='bbox 1457 2944 1583 3007; x_wconf 92' lang='lat' dir='ltr'><strong>quo</strong></span> <span class='ocrx_word' id='word_1_233' title='bbox 1630 2923 1696 2986; x_wconf 90' lang='lat' dir='ltr'><strong>in</strong></span> <span class='ocrx_word' id='word_1_234' title='bbox 1744 2922 1978 2986; x_wconf 85' lang='lat' dir='ltr'><strong>Vrbem</strong></span> <span class='ocrx_word' id='word_1_235' title='bbox 2024 2933 2308 2989; x_wconf 88' lang='lat' dir='ltr'><strong>uenerat.</strong></span> 
     </span>
    </p>

    <p class='ocr_par' dir='ltr' id='par_1_5' title="bbox 412 3008 2553 3897">
     <span class='ocr_line' id='line_1_32' title="bbox 588 3008 2552 3098; baseline 0.002 -25"><span class='ocrx_word' id='word_1_236' title='bbox 588 3008 877 3074; x_wconf 82' lang='lat' dir='ltr'><strong>Donauit</strong></span> <span class='ocrx_word' id='word_1_237' title='bbox 921 3019 1140 3074; x_wconf 89' lang='lat' dir='ltr'><strong>autem</strong></span> <span class='ocrx_word' id='word_1_238' title='bbox 1188 3011 1249 3074; x_wconf 90' lang='lat' dir='ltr'><strong>ei</strong></span> <span class='ocrx_word' id='word_1_239' title='bbox 1278 3009 1516 3097; x_wconf 91' lang='lat' dir='ltr'><strong>Pippin</strong></span> <span class='ocrx_word' id='word_1_240' title='bbox 1545 3011 1756 3075; x_wconf 89' lang='lat' dir='ltr'><strong>locum</strong></span> <span class='ocrx_word' id='word_1_241' title='bbox 1789 3010 2130 3076; x_wconf 87' lang='lat' dir='ltr'><strong>cathedrae</strong></span> <span class='ocrx_word' id='word_1_242' title='bbox 2163 3013 2552 3098; x_wconf 88' lang='lat' dir='ltr'><strong>episcopalis</strong></span> 
     </span>
     <span class='ocr_line' id='line_1_33' title="bbox 412 3097 2553 3185; baseline 0.001 -22"><span class='ocrx_word' id='word_1_243' title='bbox 412 3099 480 3163; x_wconf 91' lang='lat' dir='ltr'><strong>in</strong></span> <span class='ocrx_word' id='word_1_244' title='bbox 538 3099 800 3164; x_wconf 89' lang='lat' dir='ltr'><strong>castello</strong></span> <span class='ocrx_word' id='word_1_245' title='bbox 858 3121 969 3162; x_wconf 89' lang='lat' dir='ltr'><strong>suo</strong></span> <span class='ocrx_word' id='word_1_246' title='bbox 1026 3098 1307 3183; x_wconf 87' lang='lat' dir='ltr'><strong>inlustri,</strong></span> <span class='ocrx_word' id='word_1_247' title='bbox 1374 3097 1545 3184; x_wconf 89' lang='lat' dir='ltr'><strong>quod</strong></span> <span class='ocrx_word' id='word_1_248' title='bbox 1614 3101 1876 3185; x_wconf 90' lang='lat' dir='ltr'><strong>antiquo</strong></span> <span class='ocrx_word' id='word_1_249' title='bbox 1937 3101 2231 3185; x_wconf 89' lang='lat' dir='ltr'><strong>gentium</strong></span> <span class='ocrx_word' id='word_1_250' title='bbox 2287 3101 2553 3166; x_wconf 83' lang='lat' dir='ltr'><strong>illarum</strong></span> 
     </span>
     <span class='ocr_line' id='line_1_34' title="bbox 415 3185 2553 3274; baseline 0.002 -24"><span class='ocrx_word' id='word_1_251' title='bbox 415 3185 611 3252; x_wconf 90' lang='lat' dir='ltr'><strong>uerbo</strong></span> <span class='ocrx_word' id='word_1_252' title='bbox 656 3186 1025 3272; x_wconf 87' lang='lat' dir='ltr'><strong>Viltaburg,</strong></span> <span class='ocrx_word' id='word_1_253' title='bbox 1072 3185 1139 3251; x_wconf 90' lang='lat' dir='ltr'><strong>id</strong></span> <span class='ocrx_word' id='word_1_254' title='bbox 1186 3195 1282 3252; x_wconf 89' lang='lat' dir='ltr'><strong>est</strong></span> <span class='ocrx_word' id='word_1_255' title='bbox 1307 3185 1634 3274; x_wconf 85' lang='lat' dir='ltr'><strong>Oppidum</strong></span> <span class='ocrx_word' id='word_1_256' title='bbox 1669 3186 2009 3273; x_wconf 88' lang='lat' dir='ltr'><strong>Viltorum,</strong></span> <span class='ocrx_word' id='word_1_257' title='bbox 2058 3189 2282 3274; x_wconf 87' lang='lat' dir='ltr'><strong>lingua</strong></span> <span class='ocrx_word' id='word_1_258' title='bbox 2328 3199 2553 3254; x_wconf 86' lang='lat' dir='ltr'><strong>autem</strong></span> 
     </span>
     <span class='ocr_line' id='line_1_35' title="bbox 414 3273 2550 3363; baseline 0.001 -20"><span class='ocrx_word' id='word_1_259' title='bbox 414 3273 669 3343; x_wconf 76' lang='lat' dir='ltr'><strong>Gallica</strong></span> <span class='ocrx_word' id='word_1_260' title='bbox 735 3274 1105 3340; x_wconf 88' lang='lat' dir='ltr'><strong>Traiectum</strong></span> <span class='ocrx_word' id='word_1_261' title='bbox 1169 3285 1470 3360; x_wconf 84' lang='lat' dir='ltr'><strong>uocatur3</strong></span> <span class='ocrx_word' id='word_1_262' title='bbox 1547 3279 1614 3340; x_wconf 91' lang='lat' dir='ltr'><strong>in</strong></span> <span class='ocrx_word' id='word_1_263' title='bbox 1675 3299 1800 3362; x_wconf 92' lang='lat' dir='ltr'><strong>quo</strong></span> <span class='ocrx_word' id='word_1_264' title='bbox 1857 3276 2193 3343; x_wconf 87' lang='lat' dir='ltr'><strong>aedificata</strong></span> <span class='ocrx_word' id='word_1_265' title='bbox 2249 3279 2550 3363; x_wconf 84' lang='lat' dir='ltr'><strong>ecclesia,</strong></span> 
     </span>
     <span class='ocr_line' id='line_1_36' title="bbox 412 3364 2551 3454; baseline 0.002 -26"><span class='ocrx_word' id='word_1_266' title='bbox 412 3366 967 3430; x_wconf 85' lang='lat' dir='ltr'><strong>reuerentissimus</strong></span> <span class='ocrx_word' id='word_1_267' title='bbox 1000 3364 1292 3450; x_wconf 85' lang='lat' dir='ltr'><strong>pontifex</strong></span> <span class='ocrx_word' id='word_1_268' title='bbox 1322 3365 1516 3451; x_wconf 90' lang='lat' dir='ltr'><strong>longe</strong></span> <span class='ocrx_word' id='word_1_269' title='bbox 1543 3365 1801 3452; x_wconf 88' lang='lat' dir='ltr'><strong>lateque</strong></span> <span class='ocrx_word' id='word_1_270' title='bbox 1845 3369 2116 3432; x_wconf 89' lang='lat' dir='ltr'><strong>uerbum</strong></span> <span class='ocrx_word' id='word_1_271' title='bbox 2164 3366 2313 3432; x_wconf 88' lang='lat' dir='ltr'><strong>fidei</strong></span> <span class='ocrx_word' id='word_1_272' title='bbox 2359 3390 2551 3454; x_wconf 85' lang='lat' dir='ltr'><strong>prae-</strong></span> 
     </span>
     <span class='ocr_line' id='line_1_37' title="bbox 413 3450 2552 3542; baseline 0.002 -26"><span class='ocrx_word' id='word_1_273' title='bbox 413 3450 631 3518; x_wconf 87' lang='lat' dir='ltr'><strong>dicans</strong></span> <span class='ocrx_word' id='word_1_274' title='bbox 677 3453 1041 3539; x_wconf 87' lang='lat' dir='ltr'><strong>multosque</strong></span> <span class='ocrx_word' id='word_1_275' title='bbox 1085 3454 1168 3518; x_wconf 89' lang='lat' dir='ltr'><strong>ab</strong></span> <span class='ocrx_word' id='word_1_276' title='bbox 1217 3475 1435 3519; x_wconf 88' lang='lat' dir='ltr'><strong>errore</strong></span> <span class='ocrx_word' id='word_1_277' title='bbox 1480 3476 1810 3539; x_wconf 88' lang='lat' dir='ltr'><strong>reuocans,</strong></span> <span class='ocrx_word' id='word_1_278' title='bbox 1831 3455 2048 3542; x_wconf 90' lang='lat' dir='ltr'><strong>plures</strong></span> <span class='ocrx_word' id='word_1_279' title='bbox 2093 3478 2211 3542; x_wconf 90' lang='lat' dir='ltr'><strong>per</strong></span> <span class='ocrx_word' id='word_1_280' title='bbox 2255 3455 2398 3521; x_wconf 87' lang='lat' dir='ltr'><strong>illas</strong></span> <span class='ocrx_word' id='word_1_281' title='bbox 2449 3480 2552 3522; x_wconf 89' lang='lat' dir='ltr'><strong>re-</strong></span> 
     </span>
     <span class='ocr_line' id='line_1_38' title="bbox 413 3541 2548 3626; baseline 0.002 -19"><span class='ocrx_word' id='word_1_282' title='bbox 413 3543 637 3626; x_wconf 90' lang='lat' dir='ltr'><strong>giones</strong></span> <span class='ocrx_word' id='word_1_283' title='bbox 698 3543 1000 3607; x_wconf 89' lang='lat' dir='ltr'><strong>ecclesias</strong></span> <span class='ocrx_word' id='word_1_284' title='bbox 1014 3591 1034 3626; x_wconf 91' lang='lat'><strong>,</strong></span> <span class='ocrx_word' id='word_1_285' title='bbox 1096 3541 1209 3606; x_wconf 87' lang='lat' dir='ltr'><strong>sed</strong></span> <span class='ocrx_word' id='word_1_286' title='bbox 1269 3551 1333 3606; x_wconf 89' lang='lat' dir='ltr'><strong>et</strong></span> <span class='ocrx_word' id='word_1_287' title='bbox 1379 3546 1768 3609; x_wconf 89' lang='lat' dir='ltr'><strong>monasteria</strong></span> <span class='ocrx_word' id='word_1_288' title='bbox 1812 3545 2116 3609; x_wconf 87' lang='lat' dir='ltr'><strong>nonnulla</strong></span> <span class='ocrx_word' id='word_1_289' title='bbox 2162 3547 2548 3612; x_wconf 83' lang='lat' dir='ltr'><strong>construxit.</strong></span> 
     </span>
     <span class='ocr_line' id='line_1_39' title="bbox 412 3629 2552 3722; baseline 0.003 -29"><span class='ocrx_word' id='word_1_290' title='bbox 412 3629 586 3694; x_wconf 88' lang='lat' dir='ltr'><strong>Nam</strong></span> <span class='ocrx_word' id='word_1_291' title='bbox 633 3653 760 3695; x_wconf 89' lang='lat' dir='ltr'><strong>non</strong></span> <span class='ocrx_word' id='word_1_292' title='bbox 808 3631 1007 3695; x_wconf 86' lang='lat' dir='ltr'><strong>multo</strong></span> <span class='ocrx_word' id='word_1_293' title='bbox 1053 3640 1199 3717; x_wconf 91' lang='lat' dir='ltr'><strong>post</strong></span> <span class='ocrx_word' id='word_1_294' title='bbox 1230 3632 1388 3696; x_wconf 90' lang='lat' dir='ltr'><strong>alios</strong></span> <span class='ocrx_word' id='word_1_295' title='bbox 1420 3653 1674 3719; x_wconf 92' lang='lat' dir='ltr'><strong>quoque</strong></span> <span class='ocrx_word' id='word_1_296' title='bbox 1703 3633 1828 3698; x_wconf 81' lang='lat' dir='ltr'><strong>illis</strong></span> <span class='ocrx_word' id='word_1_297' title='bbox 1872 3635 1940 3697; x_wconf 92' lang='lat' dir='ltr'><strong>in</strong></span> <span class='ocrx_word' id='word_1_298' title='bbox 1983 3633 2356 3720; x_wconf 90' lang='lat' dir='ltr'><strong>regionibus</strong></span> <span class='ocrx_word' id='word_1_299' title='bbox 2404 3637 2552 3722; x_wconf 89' lang='lat' dir='ltr'><strong>ipse</strong></span> 
     </span>
     <span class='ocr_line' id='line_1_40' title="bbox 416 3719 2551 3809; baseline 0.004 -28"><span class='ocrx_word' id='word_1_300' title='bbox 416 3719 745 3783; x_wconf 89' lang='lat' dir='ltr'><strong>constituit</strong></span> <span class='ocrx_word' id='word_1_301' title='bbox 790 3721 1105 3785; x_wconf 87' lang='lat' dir='ltr'><strong>antistites</strong></span> <span class='ocrx_word' id='word_1_302' title='bbox 1152 3742 1235 3785; x_wconf 91' lang='lat' dir='ltr'><strong>ex</strong></span> <span class='ocrx_word' id='word_1_303' title='bbox 1290 3743 1511 3786; x_wconf 90' lang='lat' dir='ltr'><strong>eorum</strong></span> <span class='ocrx_word' id='word_1_304' title='bbox 1569 3744 1834 3787; x_wconf 88' lang='lat' dir='ltr'><strong>numero</strong></span> <span class='ocrx_word' id='word_1_305' title='bbox 1897 3722 2170 3788; x_wconf 83' lang='lat' dir='ltr'><strong>fratrum</strong></span> <span class='ocrx_word' id='word_1_306' title='bbox 2191 3773 2210 3807; x_wconf 93' lang='lat'><strong>,</strong></span> <span class='ocrx_word' id='word_1_307' title='bbox 2268 3725 2378 3809; x_wconf 88' lang='lat' dir='ltr'><strong>qui</strong></span> <span class='ocrx_word' id='word_1_308' title='bbox 2437 3723 2551 3789; x_wconf 91' lang='lat' dir='ltr'><strong>uel</strong></span> 
     </span>
     <span class='ocr_line' id='line_1_41' title="bbox 417 3808 2550 3897; baseline 0.004 -30"><span class='ocrx_word' id='word_1_309' title='bbox 417 3826 666 3890; x_wconf 88' lang='lat' dir='ltr'><strong>secum,</strong></span> <span class='ocrx_word' id='word_1_310' title='bbox 726 3808 832 3873; x_wconf 91' lang='lat' dir='ltr'><strong>uel</strong></span> <span class='ocrx_word' id='word_1_311' title='bbox 888 3819 1033 3894; x_wconf 88' lang='lat' dir='ltr'><strong>post</strong></span> <span class='ocrx_word' id='word_1_312' title='bbox 1092 3831 1161 3874; x_wconf 88' lang='lat' dir='ltr'><strong>se</strong></span> <span class='ocrx_word' id='word_1_313' title='bbox 1218 3808 1328 3873; x_wconf 90' lang='lat' dir='ltr'><strong>illo</strong></span> <span class='ocrx_word' id='word_1_314' title='bbox 1383 3808 1466 3875; x_wconf 90' lang='lat' dir='ltr'><strong>ad</strong></span> <span class='ocrx_word' id='word_1_315' title='bbox 1511 3809 2007 3897; x_wconf 85' lang='lat' dir='ltr'><strong>praedicandum</strong></span> <span class='ocrx_word' id='word_1_316' title='bbox 2055 3820 2405 3896; x_wconf 83' lang='lat' dir='ltr'><strong>uenerant3</strong></span> <span class='ocrx_word' id='word_1_317' title='bbox 2459 3835 2550 3878; x_wconf 87' lang='lat' dir='ltr'><strong>ex</strong></span> 
     </span>
    </p>
   </div>
   <div class='ocr_carea' id='block_1_3' title="bbox 2713 2703 2719 3842">
    <p class='ocr_par' dir='ltr' id='par_1_6' title="bbox 2713 2703 2719 3842">
     <span class='ocr_line' id='line_1_42' title="bbox 2713 2703 2719 3842; baseline 0 0"><span class='ocrx_word' id='word_1_318' title='bbox 2713 2703 2719 3842; x_wconf 95' lang='lat' dir='ltr'><strong> </strong></span> 
     </span>
    </p>
   </div>
  </div>
 </body>
</html>
