2723 4326
364 222 513 298 '182
2120 233 2241 286 1111.
2286 235 2519 289 10-11,

383 411 752 496 apparuerit
812 409 1049 492 odoris,
1115 430 1278 496 quae
1324 409 1453 474 alia
1498 411 1625 474 sint
1672 412 1855 495 signa
1903 420 2184 495 ostensa,
2247 413 2315 475 in
2372 413 2520 496 ipso

381 498 566 583 libro,
616 497 696 563 de
728 520 854 584 quo
886 498 1046 563 haec
1083 500 1542 585 excerpsimus,
1591 502 1862 586 quisque
1906 499 2158 584 legerit,
2207 501 2517 564 inueniet.

561 585 732 653 Sane
787 587 1148 653 nullatenus
1202 589 1745 673 praetereundum
1802 589 2079 654 arbitror
2132 588 2517 654 miraculum

382 677 693 761 sanitatis,
743 675 916 762 quod
962 676 1044 742 ad
1068 679 1276 762 ipsum
1325 678 1731 762 cymiterium
1777 678 1898 743 deo
1946 677 2195 742 dicatae
2244 699 2514 762 congre-

381 768 655 850 gationis
702 766 946 831 factum
989 766 1160 830 idem
1204 764 1458 831 libellus
1504 767 1721 831 refert.
1785 767 1945 832 Erat
1993 769 2230 853 quippe
2274 769 2339 830 in
2370 789 2516 852 pro-

381 857 554 918 ximo
601 876 816 920 comes
862 853 1144 941 quidam,
1194 855 1371 919 cuius
1404 878 1567 920 uxor
1605 857 1943 940 ingruente
1990 857 2191 920 oculis
2238 856 2517 940 caligine

383 945 614 1020 subita,
662 953 912 1009 tantum
946 966 1062 1029 per
1094 942 1230 1008 dies
1264 943 1489 1009 eadem
1537 945 1832 1010 molestia
1877 945 2323 1010 crebrescente
2368 967 2517 1028 gra-

380 1042 535 1097 uata
589 1042 712 1118 est,
774 1043 847 1097 ut
906 1055 986 1097 ne
1043 1034 1375 1097 minimam
1435 1032 1695 1120 quidem
1753 1034 1913 1098 lucis
1970 1034 2237 1098 alicuius
2296 1042 2519 1119 posset

381 1122 765 1208 particulam
820 1121 1058 1190 uidere.
1153 1119 1292 1207 Cui,
1341 1121 1492 1186 dum
1539 1121 1907 1209 aliquandiu
1953 1125 2280 1188 caecitatis
2324 1122 2517 1188 huius

380 1221 568 1276 nocte
615 1211 833 1275 clausa
878 1218 1188 1291 maneret,
1235 1221 1503 1297 repente
1550 1214 1729 1277 uenit
1772 1213 1837 1275 in
1884 1220 2188 1295 mentem,
2240 1212 2409 1297 quia,
2460 1212 2518 1277 si

381 1299 463 1364 ad
509 1301 970 1364 monasterium
1017 1298 1231 1363 delata
1283 1302 1609 1386 uirginum
1676 1301 2231 1366 sanctimonalium
2286 1298 2369 1366 ad
2414 1323 2515 1365 re-

379 1388 608 1473 liquias
641 1398 1007 1453 sanctorum
1053 1397 1322 1473 peteret,
1370 1387 1933 1477 perditamposset
1963 1393 2251 1476 recipere
2283 1390 2514 1454 lucem.

380 1475 522 1540 Nec
569 1474 833 1559 distulit,
891 1478 1046 1562 quin
1092 1479 1408 1563 continue,
1467 1477 1637 1565 quod
1684 1487 1901 1544 mente
1948 1486 2347 1564 conceperat,
2398 1500 2513 1543 ex-

380 1565 604 1652 pleret.
675 1565 996 1630 Perducta
1039 1588 1316 1652 namque
1364 1590 1402 1631 a
1448 1568 1674 1654 puellis
1722 1570 1853 1633 suis
1900 1569 1983 1633 ad
2030 1569 2513 1650 monasterium,

380 1656 532 1741 quia
561 1657 626 1719 in
657 1658 950 1741 proximo
999 1665 1156 1739 erat,
1205 1657 1314 1720 ubi
1358 1654 1553 1722 fidem
1599 1679 1753 1722 suae
1800 1658 2144 1721 sanationis
2191 1658 2519 1742 integram

381 1767 450 1808 se
495 1744 733 1809 habere
780 1744 1071 1830 professa
1105 1753 1222 1828 est,
1270 1744 1637 1811 introducta
1658 1756 1766 1811 est
1812 1745 1893 1810 ad
1943 1747 2375 1830 cymiterium:
2424 1753 2515 1830 et,

307 1860 313 1866 ·
381 1856 527 1896 cum
573 1833 812 1898 ibidem
860 1832 1096 1898 diutius
1140 1833 1324 1898 flexis
1372 1836 1648 1918 genibus
1696 1843 1939 1918 oraret,
2004 1834 2203 1899 nihilo
2267 1833 2517 1899 tardius

382 1925 616 1986 meruit
662 1923 969 1988 exaudiri.
1035 1921 1206 1987 Nam
1255 1944 1607 2008 exsurgens
1655 1926 1736 1989 ab
1784 1926 2090 2007 oratione,
2138 1925 2517 2009 priusquam

383 2013 590 2075 exiret
636 2009 714 2076 de
765 2011 936 2096 1000,
1001 2013 1243 2098 petitae
1309 2012 1468 2077 lucis
1536 2015 1815 2098 gratiam.
1880 2014 2148 2099 recepit:
2218 2022 2283 2076 et
2346 2034 2517 2097 quae

380 2100 764 2166 famularum
822 2101 1120 2166 manibus
1185 2099 1461 2166 adducta
1518 2103 1759 2187 fuerat,
1822 2103 1963 2190 ipsa
2018 2101 2222 2167 libero
2276 2100 2519 2187 pedum

379 2192 630 2255 incessu
695 2189 954 2255 domum
1016 2190 1189 2255 laeta
1253 2213 1518 2256 reuersa
1576 2202 1698 2275 est3
1768 2194 1951 2277 quasi
1996 2190 2080 2255 ad
2124 2189 2249 2256 hoc
2286 2191 2517 2255 solum-

343 2279 570 2343 ssmodo
632 2280 844 2344 lucem
907 2281 1229 2343 amitteret
1287 2283 1738 2366 temporalem,
1797 2290 1894 2365 ut,
1952 2289 2195 2365 quanta
2262 2290 2519 2345 sanctos

381 2368 621 2434 Christi
666 2370 779 2433 lux
824 2370 890 2433 in
937 2367 1151 2451 caelis,
1201 2391 1368 2454 quae
1414 2372 1627 2455 gratia
1675 2371 1928 2435 uirtutis
1976 2368 2349 2456 possideret,
2398 2392 2520 2434 sua

382 2460 710 2522 sanatione
758 2456 1248 2522 demonstraret.

1405 2690 1505 2752 11.

381 2842 459 2899 Vt
496 2857 609 2898 rex
660 2845 932 2900 eiusdem
984 2845 1347 2915 prouInciae
1388 2844 1570 2902 Sebbi
1627 2845 1694 2901 in
1730 2847 2087 2902 monachica
2138 2847 2333 2902 uitam
2372 2861 2517 2903 con-

1112 2933 1474 2990 uersatione
1511 2934 1778 2990 finierit.

556 3076 654 3140 Eo
715 3084 1008 3164 tempore
1068 3088 1366 3164 praeerat
1426 3100 1627 3163 regno
1679 3076 2111 3144 Orientalium
2158 3076 2514 3161 Saxonum,

381 3174 452 3229 ut
497 3165 668 3231 idem
716 3166 911 3231 etiam
971 3165 1224 3231 libellus
1285 3166 1502 3251 docet,
1562 3169 1664 3231 uir
1727 3167 2000 3231 multum
2060 3166 2181 3231 deo
2244 3166 2517 3231 deuotus

379 3256 636 3320 nomine
683 3252 913 3336 Sebbi,
977 3258 1154 3321 cuius
1215 3278 1410 3342 supra
1468 3257 1896 3321 meminimus.
1989 3254 2151 3320 Erat
2198 3257 2370 3321 enim
2413 3278 2517 3319 re-

378 3344 624 3427 ligiosis
671 3342 947 3425 actibus„
999 3345 1239 3409 crebris
1285 3344 1613 3431 precibUS,
1663 3346 1787 3431 piis
1834 3344 2330 3430 elimosynarum
2380 3343 2515 3407 fru-

381 3433 590 3496 ctibus
636 3434 986 3519 plurimum
1030 3436 1341 3517 intentus3
1392 3435 1593 3499 uitam
1627 3435 1946 3520 priuatam
1980 3441 2043 3497 et
2072 3431 2519 3500 monachicam

382 3523 626 3586 cunctis
672 3524 858 3606 regni
921 3521 1160 3587 diuitiis
1209 3532 1274 3588 et
1319 3522 1665 3588 honoribus
1729 3523 2131 3608 praeferens,
2204 3542 2395 3608 quam
2442 3530 2519 3586 et

382 3609 535 3674 olim
579 3611 736 3694 iam,
798 3612 853 3675 si
896 3633 1026 3675 non
1080 3612 1435 3678 obstinatus
1496 3614 1789 3696 coniugis
1852 3612 2102 3676 animus
2164 3609 2518 3674 diuortium

381 3708 680 3782 negaret,
727 3699 951 3764 relicto
997 3722 1201 3785 regno
1249 3701 1543 3766 subisset.
1639 3700 1826 3765 Vnde
1873 3700 2146 3764 multum
2192 3699 2400 3763 uisum
2446 3707 2518 3763 et

385 3805 576 3869 saepe
639 3784 880 3851 dictum
952 3797 1078 3871 est,
1163 3790 1313 3875 quia
1377 3790 1523 3853 talis
1592 3791 1789 3855 animi
1852 3791 2063 3853 uirum
2142 3788 2351 3873 episco
2399 3809 2517 3850 um

384 3876 593 3957 magis
626 3897 818 3960 quam
850 3899 1073 3961 regem
1107 3876 1389 3943 ordinari
1421 3877 1695 3943 deceret.
1746 3878 2039 3965 Cumque
2070 3898 2267 3942 annos
2297 3875 2367 3940 X
2438 3874 2518 3939 X
