2723 4326
422 215 549 282 118
2289 266 2294 271 .
2369 217 2466 271 ΠΙ.
2499 218 2546 272 9.

418 392 720 479 Namque
749 392 819 456 in
847 391 1009 475 loce,
1056 391 1169 457 ubi
1212 414 1330 479 pro
1378 396 1590 480 patria
1633 392 1943 459 dimicans
1977 417 2017 459 a
2044 396 2318 482 paganis
2356 395 2548 461 inter-

418 484 631 549 fectus
672 490 790 564 est,
835 502 1040 568 usque
1084 478 1273 546 hodie
1318 483 1626 547 sanitates
1671 482 2070 548 infirmorum
2116 493 2180 548 et
2224 482 2552 549 hominum

418 581 486 638 et
530 568 840 658 pecorum
905 568 1217 635 celebrari
1273 592 1404 635 non
1461 570 1781 637 desinunt.
1873 569 2063 638 Vnde
2121 574 2425 658 contigit,
2483 582 2552 639 ut

418 661 756 749 puluerem
801 660 1033 745 ipsum,
1080 660 1192 725 ubi
1238 680 1469 745 corpus
1500 662 1638 725 eius
1667 662 1736 726 in
1764 669 2007 726 terram
2051 662 2323 746 conruit,
2370 662 2555 727 multi

418 750 790 815 auferentes
836 754 903 813 et
945 749 1013 811 in
1058 769 1294 834 aquam
1356 750 1688 815 mittentes
1739 750 1871 815 suis
1916 772 2032 837 per
2077 749 2239 816 haec
2282 748 2554 816 infirmis

414 838 690 905 multum
736 836 1056 901 commodi
1110 836 1454 903 adferrent.
1549 837 1677 917 Qui
1721 837 2020 905 uidelicet
2065 861 2204 903 mos
2249 837 2414 905 adeo
2460 842 2552 904 in-

415 927 721 1011 crebruit,
770 936 841 991 ut
884 927 1197 1013 paulatim
1242 925 1462 992 ablata
1505 925 1741 993 exinde
1786 935 1960 993 terra
1995 928 2236 993 fossam
2265 926 2350 993 ad
2379 951 2553 994 men-

415 1040 633 1082 suram
686 1024 971 1081 staturae
1024 1015 1226 1080 uirilis
1280 1015 1481 1081 altam
1535 1015 1907 1083 reddiderit.
2001 1014 2142 1083 Nec
2188 1016 2555 1083 mirandum

413 1108 483 1171 in
536 1106 676 1171 loco
736 1106 962 1169 mortis
1018 1103 1187 1169 illius
1242 1102 1530 1171 infirmos
1581 1106 1823 1188 sanari,
1883 1106 1995 1192 qui
2053 1128 2334 1193 semper,
2399 1106 2556 1171 dum

413 1197 685 1273 uiueret,
730 1193 1005 1259 infirmis
1036 1202 1101 1257 et
1132 1194 1520 1281 pauperibus
1551 1194 1900 1279 consulere,
1951 1194 2338 1281 elimosynas
2375 1195 2551 1280 dare,

415 1306 604 1373 opem
650 1284 822 1349 ferre
866 1304 996 1347 non
1040 1281 1352 1348 cessabat.
1459 1282 1546 1347 Et
1588 1284 1794 1349 multa
1837 1283 2096 1369 quidem
2142 1285 2210 1349 in
2255 1284 2398 1348 loco
2446 1285 2553 1349 illo

412 1374 520 1438 uel
549 1372 631 1437 de
660 1370 929 1459 puluere
950 1371 1074 1435 loci
1094 1370 1263 1437 illius
1292 1372 1468 1437 facta
1497 1373 1808 1437 uirtutum
1839 1374 2150 1438 miracula
2177 1381 2550 1457 narrantur3

414 1460 531 1526 sed
573 1483 691 1525 nos
730 1458 857 1525 duo
902 1468 1174 1544 tantum,
1221 1482 1388 1547 quae
1419 1484 1460 1526 a
1489 1460 1836 1527 maioribus
1881 1461 2264 1547 audiuimus,
2311 1462 2558 1529 referre

418 1553 575 1616 satis
622 1549 939 1615 duximus.

591 1637 742 1703 Non
786 1638 988 1704 multo
1035 1647 1181 1725 post
1225 1638 1739 1704 interfectionem
1778 1640 1914 1704 eius
1963 1648 2190 1705 exacto
2237 1650 2554 1728 tempore,

414 1730 717 1814 contigit,
765 1737 839 1792 ut
883 1726 1144 1814 quidam
1191 1749 1354 1814 equo
1401 1726 1633 1793 sedens
1675 1728 1798 1793 iter
1843 1728 2024 1791 iuxta
2066 1728 2282 1793 locum
2325 1739 2554 1815 ageret

413 1820 627 1902 illum3
677 1818 858 1881 cuius
905 1838 1107 1902 equus
1152 1816 1364 1881 subito
1408 1816 1776 1901 lassescere,
1823 1818 2194 1903 consistere,
2243 1826 2442 1907 caput
2485 1820 2555 1884 in

412 1917 656 1973 terram
703 1906 1051 1989 declinare,
1112 1927 1372 1993 spumas
1405 1927 1485 1970 ex
1515 1928 1626 1971 ore
1669 1905 2012 1972 demittere
2059 1914 2124 1971 et
2166 1917 2557 1992 augescente

410 1996 631 2063 dolore
676 1996 872 2060 nimio
918 1996 985 2059 in
1028 2003 1271 2059 terram
1316 1996 1532 2081 coepit
1583 2016 1794 2064 ruere.
1882 1995 2165 2060 Desiluit
2225 2018 2420 2082 eques
2487 2006 2556 2062 et

411 2087 720 2151 stramine
768 2084 1091 2155 substrato
1136 2085 1349 2170 coepit
1397 2094 1739 2172 expectare
1782 2084 2027 2168 horam,
2084 2105 2212 2171 qua
2256 2094 2372 2150 aut
2419 2108 2553 2151 me·

408 2179 714 2242 lioratum
771 2175 1089 2260 reciperet
1155 2175 1514 2238 iumentum
1575 2182 1686 2240 aut
1744 2174 2135 2260 relinqueret
2201 2183 2555 2244 mortuum.

415 2265 509 2339 At
564 2267 776 2352 ipsum
835 2261 945 2328 diu
1002 2265 1191 2348 graui
1248 2261 1469 2328 dolore
1531 2270 1867 2345 uexatum,
1933 2285 2080 2329 cum
2146 2261 2435 2329 diuersas
2488 2267 2558 2330 in

416 2363 636 2442 partes
690 2375 759 2418 se
808 2361 1167 2438 torqueret,
1233 2360 1502 2438 repente
1563 2350 1911 2417 uolutando
1971 2351 2230 2417 deuenit
2275 2355 2343 2417 in
2399 2351 2560 2418 illud

416 2443 562 2527 loci,
608 2442 720 2507 ubi
750 2463 868 2507 rex
902 2439 1337 2506 memorabilis
1381 2441 1700 2506 occubuit.
1762 2439 1828 2505 N
1832 2464 1905 2506 ec
1935 2463 2135 2524 mora,
2182 2443 2558 2527 quiescente

414 2533 636 2598 dolore
683 2529 976 2596 cessabat
1021 2529 1102 2594 ab
1148 2531 1389 2594 insanis
1435 2531 1871 2595 membrorum
1915 2530 2228 2615 motibus,
2290 2539 2358 2596 et
2403 2554 2556 2597 con-

418 2630 599 2688 sueto
648 2642 957 2707 equorum
1002 2639 1202 2703 more,
1252 2620 1440 2705 quasi
1485 2627 1630 2705 post
1660 2617 2099 2684 lassitudinem
2127 2621 2194 2684 in
2226 2619 2561 2686 diuersum

416 2712 588 2777 latus
646 2709 931 2774 uicissim
994 2729 1133 2773 sese
1194 2709 1485 2793 uoluere,
1552 2709 1895 2797 statimque
1956 2729 2312 2792 exsurgens
2372 2713 2561 2795 quasi

418 2821 645 2864 sanum
704 2819 823 2884 per
887 2797 1102 2861 omnia
1124 2846 1143 2881 ,
1235 2799 1480 2862 uirecta
1555 2795 1903 2862 herbarum
1967 2797 2214 2862 auidius
2291 2819 2562 2885 carpere

417 2889 651 2973 coepit.

593 2972 737 3054 Quo
783 2973 891 3038 ille
936 2975 1105 3058 uis0,
1167 2984 1239 3039 ut
1284 2975 1388 3039 uir
1447 2977 1700 3060 sagacis
1745 2977 2017 3061 ingenii,
2079 2976 2400 3042 intellexit
2445 2978 2560 3042 ali-

414 3064 572 3152 quid
616 3066 819 3129 mirae
864 3065 1221 3128 sanctitatis
1269 3062 1419 3128 huic
1464 3065 1635 3148 loco,
1697 3086 1822 3150 quo
1879 3086 2081 3151 equus
2130 3075 2226 3130 est
2275 3075 2561 3151 curatus,

413 3158 651 3237 inesse3
700 3163 767 3218 et
797 3153 1007 3239 posito
1032 3151 1123 3216 ibi
1156 3155 1360 3238 sign0,
1418 3174 1547 3218 non
1579 3154 1780 3219 multo
1815 3163 1960 3240 post
1991 3154 2286 3220 ascendit
2319 3173 2564 3241 equum

415 3255 610 3331 atque
656 3242 739 3309 ad
785 3242 1158 3328 hospitium,
1208 3264 1334 3328 quo
1381 3253 1823 3329 proposuerat,
1872 3245 2178 3308 accessit:
2227 3265 2357 3330 quo
2406 3243 2563 3309 dum

415 3333 779 3416 adueniret,
861 3332 1107 3396 inuenit
1178 3331 1459 3417 puellam
1514 3332 1605 3398 ibi
1684 3342 1943 3418 neptem
2016 3333 2219 3418 patris
2280 3331 2562 3398 familias

414 3422 609 3508 longo
641 3421 957 3508 paralysis
989 3419 1213 3484 morbo
1248 3429 1615 3505 grauatam3
1669 3430 1737 3486 et
1768 3443 1914 3486 eum
1945 3420 2298 3487 familiares
2331 3423 2562 3488 domus

416 3511 584 3575 illius
632 3511 712 3576 de
758 3510 997 3575 acerba
1040 3509 1294 3596 puellae
1340 3507 1715 3576 infirmitate
1760 3511 1900 3596 ipso
1947 3519 2289 3596 praesente
2329 3533 2559 3597 quere-

414 3608 659 3684 rentur,
710 3621 824 3664 coe
871 3600 923 3662 it
967 3599 1181 3664 dicere
1229 3599 1338 3663 ille
1387 3597 1650 3681 deloco,
1699 3598 1809 3663 ubi
1855 3598 2140 3664 caballus
2187 3621 2342 3664 suus
2391 3614 2563 3666 esset

419 3697 698 3752 curatus.
790 3622 965 3764 guid
1018 3686 1264 3752 multa?
1330 3688 1732 3773 imponentes
1781 3710 1924 3755 eam
1961 3709 2156 3772 ,carro
2238 3687 2564 3754 duxerunt

416 3775 503 3840 ad
545 3775 757 3840 locum
801 3774 1168 3862 ibidemque
1213 3776 1670 3862 deposuerunt.
1733 3774 1825 3841 At
1871 3773 1980 3844 illa
2026 3777 2238 3862 posita
2283 3779 2355 3843 in
2400 3778 2560 3861 loce,

417 3862 811 3929 obdormiuit
870 3886 1243 3950 parumper3
1316 3873 1382 3929 et
1425 3865 1538 3931 ubi
1584 3866 1946 3950 euigilauit,
1987 3869 2314 3931 'sanatam
2363 3890 2433 3932 se
2477 3867 2561 3932 ab
