<?xml version="1.0" encoding="UTF-8"?>
<!DOCTYPE html PUBLIC "-//W3C//DTD XHTML 1.0 Transitional//EN"
    "http://www.w3.org/TR/xhtml1/DTD/xhtml1-transitional.dtd">
<html xmlns="http://www.w3.org/1999/xhtml" xml:lang="en" lang="en">
 <head>
  <title>
</title>
<meta http-equiv="Content-Type" content="text/html;charset=utf-8" />
  <meta name='ocr-system' content='tesseract 3.04.00' />
  <meta name='ocr-capabilities' content='ocr_page ocr_carea ocr_par ocr_line ocrx_word'/>
</head>
<body>
  <div class='ocr_page' id='page_1' title='image "./historiaecclesi00venegoog_0167.png"; bbox 0 0 2723 4326; ppageno 0'>
   <div class='ocr_carea' id='block_1_1' title="bbox 162 178 2302 252">
    <p class='ocr_par' dir='ltr' id='par_1_1' title="bbox 162 178 2302 252">
     <span class='ocr_line' id='line_1_1' title="bbox 162 178 2302 252; baseline 0.009 -19"><span class='ocrx_word' id='word_1_1' title='bbox 162 178 267 234; x_wconf 89' lang='lat'>111.</span> <span class='ocrx_word' id='word_1_2' title='bbox 306 180 533 236; x_wconf 82' lang='lat'><strong>26—27.</strong></span> <span class='ocrx_word' id='word_1_3' title='bbox 2177 188 2302 252; x_wconf 85' lang='lat'><strong>155</strong></span> 
     </span>
    </p>
   </div>
   <div class='ocr_carea' id='block_1_2' title="bbox 151 358 2307 957">
    <p class='ocr_par' dir='ltr' id='par_1_2' title="bbox 151 358 2307 957">
     <span class='ocr_line' id='line_1_2' title="bbox 168 358 2302 445; baseline 0.003 -22"><span class='ocrx_word' id='word_1_4' title='bbox 168 358 476 424; x_wconf 84' lang='lat' dir='ltr'><strong>uisitandi</strong></span> <span class='ocrx_word' id='word_1_5' title='bbox 506 367 593 441; x_wconf 88' lang='lat' dir='ltr'><strong>et,</strong></span> <span class='ocrx_word' id='word_1_6' title='bbox 640 367 712 423; x_wconf 91' lang='lat' dir='ltr'><strong>ut</strong></span> <span class='ocrx_word' id='word_1_7' title='bbox 743 360 1027 424; x_wconf 86' lang='lat' dir='ltr'><strong>breuiter</strong></span> <span class='ocrx_word' id='word_1_8' title='bbox 1056 360 1286 445; x_wconf 87' lang='lat' dir='ltr'><strong>dicam,</strong></span> <span class='ocrx_word' id='word_1_9' title='bbox 1334 362 1581 427; x_wconf 89' lang='lat' dir='ltr'><strong>animas</strong></span> <span class='ocrx_word' id='word_1_10' title='bbox 1613 360 1879 427; x_wconf 87' lang='lat' dir='ltr'><strong>curandi</strong></span> <span class='ocrx_word' id='word_1_11' title='bbox 1916 385 2114 428; x_wconf 85' lang='lat' dir='ltr'><strong>causa</strong></span> <span class='ocrx_word' id='word_1_12' title='bbox 2155 364 2302 429; x_wconf 88' lang='lat' dir='ltr'><strong>fuit:</strong></span> 
     </span>
     <span class='ocr_line' id='line_1_3' title="bbox 166 449 2305 538; baseline 0.002 -26"><span class='ocrx_word' id='word_1_13' title='bbox 166 450 281 533; x_wconf 88' lang='lat' dir='ltr'><strong>qui</strong></span> <span class='ocrx_word' id='word_1_14' title='bbox 324 449 394 512; x_wconf 92' lang='lat' dir='ltr'><strong>in</strong></span> <span class='ocrx_word' id='word_1_15' title='bbox 438 456 689 512; x_wconf 88' lang='lat' dir='ltr'><strong>tantum</strong></span> <span class='ocrx_word' id='word_1_16' title='bbox 753 457 937 515; x_wconf 91' lang='lat' dir='ltr'><strong>erant</strong></span> <span class='ocrx_word' id='word_1_17' title='bbox 996 450 1078 514; x_wconf 90' lang='lat' dir='ltr'><strong>ab</strong></span> <span class='ocrx_word' id='word_1_18' title='bbox 1138 450 1312 514; x_wconf 90' lang='lat' dir='ltr'><strong>omni</strong></span> <span class='ocrx_word' id='word_1_19' title='bbox 1373 452 1684 515; x_wconf 87' lang='lat' dir='ltr'><strong>auaritiae</strong></span> <span class='ocrx_word' id='word_1_20' title='bbox 1742 463 1926 537; x_wconf 83' lang='lat' dir='ltr'><strong>peste</strong></span> <span class='ocrx_word' id='word_1_21' title='bbox 1987 454 2305 538; x_wconf 85' lang='lat' dir='ltr'><strong>castigati,</strong></span> 
     </span>
     <span class='ocr_line' id='line_1_4' title="bbox 168 538 2301 626; baseline 0.003 -26"><span class='ocrx_word' id='word_1_22' title='bbox 168 547 241 601; x_wconf 86' lang='lat' dir='ltr'><strong>ut</strong></span> <span class='ocrx_word' id='word_1_23' title='bbox 283 558 476 601; x_wconf 90' lang='lat' dir='ltr'><strong>nemo</strong></span> <span class='ocrx_word' id='word_1_24' title='bbox 520 538 843 603; x_wconf 84' lang='lat' dir='ltr'><strong>territoria</strong></span> <span class='ocrx_word' id='word_1_25' title='bbox 888 559 966 602; x_wconf 88' lang='lat' dir='ltr'><strong>ac</strong></span> <span class='ocrx_word' id='word_1_26' title='bbox 1009 540 1443 626; x_wconf 87' lang='lat' dir='ltr'><strong>possessiones</strong></span> <span class='ocrx_word' id='word_1_27' title='bbox 1489 540 1574 605; x_wconf 88' lang='lat' dir='ltr'><strong>ad</strong></span> <span class='ocrx_word' id='word_1_28' title='bbox 1620 540 2044 605; x_wconf 89' lang='lat' dir='ltr'><strong>construenda</strong></span> <span class='ocrx_word' id='word_1_29' title='bbox 2083 563 2301 606; x_wconf 91' lang='lat' dir='ltr'><strong>mona-</strong></span> 
     </span>
     <span class='ocr_line' id='line_1_5' title="bbox 151 626 2306 716; baseline 0.003 -27"><span class='ocrx_word' id='word_1_30' title='bbox 151 626 387 710; x_wconf 73' lang='lat' dir='ltr'><strong>steria,</strong></span> <span class='ocrx_word' id='word_1_31' title='bbox 435 626 559 689; x_wconf 86' lang='lat' dir='ltr'><strong>nisi</strong></span> <span class='ocrx_word' id='word_1_32' title='bbox 604 648 645 691; x_wconf 89' lang='lat' dir='ltr'><strong>a</strong></span> <span class='ocrx_word' id='word_1_33' title='bbox 690 626 1057 712; x_wconf 88' lang='lat' dir='ltr'><strong>potentibus</strong></span> <span class='ocrx_word' id='word_1_34' title='bbox 1104 629 1341 693; x_wconf 89' lang='lat' dir='ltr'><strong>saeculi</strong></span> <span class='ocrx_word' id='word_1_35' title='bbox 1388 639 1668 712; x_wconf 76' lang='lat' dir='ltr'><strong>coactae,</strong></span> <span class='ocrx_word' id='word_1_36' title='bbox 1717 632 2059 716; x_wconf 85' lang='lat' dir='ltr'><strong>acciperet.</strong></span> <span class='ocrx_word' id='word_1_37' title='bbox 2123 628 2306 709; x_wconf 84' lang='lat' dir='ltr'><strong>Quae</strong></span> 
     </span>
     <span class='ocr_line' id='line_1_6' title="bbox 161 713 2306 805; baseline 0.002 -26"><span class='ocrx_word' id='word_1_38' title='bbox 161 713 569 779; x_wconf 79' lang='lat' dir='ltr'><strong>consuetudo</strong></span> <span class='ocrx_word' id='word_1_39' title='bbox 627 737 745 801; x_wconf 89' lang='lat' dir='ltr'><strong>per</strong></span> <span class='ocrx_word' id='word_1_40' title='bbox 804 718 1017 780; x_wconf 88' lang='lat' dir='ltr'><strong>omnia</strong></span> <span class='ocrx_word' id='word_1_41' title='bbox 1076 717 1401 803; x_wconf 89' lang='lat' dir='ltr'><strong>aliquanto</strong></span> <span class='ocrx_word' id='word_1_42' title='bbox 1459 728 1608 805; x_wconf 87' lang='lat' dir='ltr'><strong>post</strong></span> <span class='ocrx_word' id='word_1_43' title='bbox 1665 717 1827 783; x_wconf 86' lang='lat' dir='ltr'><strong>haec</strong></span> <span class='ocrx_word' id='word_1_44' title='bbox 1884 729 2178 805; x_wconf 88' lang='lat' dir='ltr'><strong>tempore</strong></span> <span class='ocrx_word' id='word_1_45' title='bbox 2239 721 2306 783; x_wconf 91' lang='lat' dir='ltr'><strong>in</strong></span> 
     </span>
     <span class='ocr_line' id='line_1_7' title="bbox 168 801 2307 890; baseline 0.003 -23"><span class='ocrx_word' id='word_1_46' title='bbox 168 803 462 868; x_wconf 87' lang='lat' dir='ltr'><strong>ecclesiis</strong></span> <span class='ocrx_word' id='word_1_47' title='bbox 490 801 557 867; x_wconf 86' lang='lat' dir='ltr'>N</span> <span class='ocrx_word' id='word_1_48' title='bbox 560 804 1182 890; x_wconf 87' lang='lat' dir='ltr'><strong>ordanhymbrorum</strong></span> <span class='ocrx_word' id='word_1_49' title='bbox 1230 815 1490 871; x_wconf 85' lang='lat' dir='ltr'><strong>seruata</strong></span> <span class='ocrx_word' id='word_1_50' title='bbox 1537 816 1653 872; x_wconf 87' lang='lat' dir='ltr'><strong>est.</strong></span> <span class='ocrx_word' id='word_1_51' title='bbox 1717 805 1850 874; x_wconf 84' lang='lat' dir='ltr'><strong>Sed</strong></span> <span class='ocrx_word' id='word_1_52' title='bbox 1895 806 1976 873; x_wconf 90' lang='lat' dir='ltr'><strong>de</strong></span> <span class='ocrx_word' id='word_1_53' title='bbox 2007 808 2106 872; x_wconf 86' lang='lat' dir='ltr'><strong>his</strong></span> <span class='ocrx_word' id='word_1_54' title='bbox 2155 810 2307 874; x_wconf 87' lang='lat' dir='ltr'><strong>satis</strong></span> 
     </span>
     <span class='ocr_line' id='line_1_8' title="bbox 162 892 940 957; baseline 0.001 0"><span class='ocrx_word' id='word_1_55' title='bbox 162 892 434 957; x_wconf 85' lang='lat' dir='ltr'><strong>dictum.</strong></span> <span class='ocrx_word' id='word_1_56' title='bbox 930 924 940 931; x_wconf 94' lang='lat'>·</span> 
     </span>
    </p>
   </div>
   <div class='ocr_carea' id='block_1_3' title="bbox 1187 1182 1291 1245">
    <p class='ocr_par' dir='ltr' id='par_1_3' title="bbox 1187 1182 1291 1245">
     <span class='ocr_line' id='line_1_9' title="bbox 1187 1182 1291 1245; baseline -0.01 0"><span class='ocrx_word' id='word_1_57' title='bbox 1187 1182 1291 1245; x_wconf 78' lang='lat'><strong>27.</strong></span> 
     </span>
    </p>
   </div>
   <div class='ocr_carea' id='block_1_4' title="bbox 150 1352 2308 1503">
    <p class='ocr_par' dir='ltr' id='par_1_4' title="bbox 150 1352 2308 1503">
     <span class='ocr_line' id='line_1_10' title="bbox 150 1352 2308 1428; baseline 0.002 -19"><span class='ocrx_word' id='word_1_58' title='bbox 150 1352 249 1409; x_wconf 61' lang='lat' dir='ltr'><strong>vt</strong></span> <span class='ocrx_word' id='word_1_59' title='bbox 273 1352 613 1423; x_wconf 74' lang='lat' dir='ltr'><strong>Ecgberct,</strong></span> <span class='ocrx_word' id='word_1_60' title='bbox 652 1354 758 1409; x_wconf 85' lang='lat' dir='ltr'><strong>uir</strong></span> <span class='ocrx_word' id='word_1_61' title='bbox 798 1356 1049 1411; x_wconf 87' lang='lat' dir='ltr'><strong>sanctus</strong></span> <span class='ocrx_word' id='word_1_62' title='bbox 1086 1356 1161 1412; x_wconf 73' lang='lat' dir='ltr'><strong>(le</strong></span> <span class='ocrx_word' id='word_1_63' title='bbox 1198 1357 1453 1413; x_wconf 85' lang='lat' dir='ltr'><strong>natione</strong></span> <span class='ocrx_word' id='word_1_64' title='bbox 1489 1357 1852 1428; x_wconf 53' lang='lat' dir='ltr'><strong>Anam-um,</strong></span> <span class='ocrx_word' id='word_1_65' title='bbox 1890 1358 2308 1414; x_wconf 80' lang='lat' dir='ltr'><strong>monachicam</strong></span> 
     </span>
     <span class='ocr_line' id='line_1_11' title="bbox 760 1442 1714 1503; baseline 0.005 -5"><span class='ocrx_word' id='word_1_66' title='bbox 760 1442 827 1499; x_wconf 85' lang='lat' dir='ltr'><strong>in</strong></span> <span class='ocrx_word' id='word_1_67' title='bbox 864 1443 1167 1500; x_wconf 81' lang='lat' dir='ltr'><strong>Hibernia</strong></span> <span class='ocrx_word' id='word_1_68' title='bbox 1201 1445 1400 1500; x_wconf 84' lang='lat' dir='ltr'><strong>uitam</strong></span> <span class='ocrx_word' id='word_1_69' title='bbox 1438 1447 1714 1503; x_wconf 73' lang='lat' dir='ltr'><strong>(luxerit.</strong></span> 
     </span>
    </p>
   </div>
   <div class='ocr_carea' id='block_1_5' title="bbox 150 1602 2334 3922">
    <p class='ocr_par' dir='ltr' id='par_1_5' title="bbox 150 1602 2334 3387">
     <span class='ocr_line' id='line_1_12' title="bbox 350 1602 2314 1673; baseline 0.003 -6"><span class='ocrx_word' id='word_1_70' title='bbox 350 1602 601 1669; x_wconf 87' lang='lat' dir='ltr'><strong>Eodem</strong></span> <span class='ocrx_word' id='word_1_71' title='bbox 622 1613 838 1669; x_wconf 91' lang='lat' dir='ltr'><strong>autem</strong></span> <span class='ocrx_word' id='word_1_72' title='bbox 860 1628 1028 1671; x_wconf 89' lang='lat' dir='ltr'><strong>anno</strong></span> <span class='ocrx_word' id='word_1_73' title='bbox 1048 1607 1407 1673; x_wconf 79' lang='lat' dir='ltr'><strong>dominicae</strong></span> <span class='ocrx_word' id='word_1_74' title='bbox 1423 1610 1881 1673; x_wconf 80' lang='lat' dir='ltr'><strong>incarnationis</strong></span> <span class='ocrx_word' id='word_1_75' title='bbox 1895 1605 2314 1673; x_wconf 79' lang='lat' dir='ltr'>DCLXIIIP</span> 
     </span>
     <span class='ocr_line' id='line_1_13' title="bbox 172 1692 2312 1783; baseline 0.001 -26"><span class='ocrx_word' id='word_1_76' title='bbox 172 1692 353 1757; x_wconf 82' lang='lat' dir='ltr'><strong>facta</strong></span> <span class='ocrx_word' id='word_1_77' title='bbox 397 1703 539 1758; x_wconf 89' lang='lat' dir='ltr'><strong>erat</strong></span> <span class='ocrx_word' id='word_1_78' title='bbox 584 1694 836 1781; x_wconf 81' lang='lat' dir='ltr'><strong>eclipsis</strong></span> <span class='ocrx_word' id='word_1_79' title='bbox 882 1695 1032 1759; x_wconf 83' lang='lat' dir='ltr'><strong>solis</strong></span> <span class='ocrx_word' id='word_1_80' title='bbox 1078 1695 1181 1761; x_wconf 91' lang='lat' dir='ltr'><strong>die</strong></span> <span class='ocrx_word' id='word_1_81' title='bbox 1226 1698 1443 1761; x_wconf 88' lang='lat' dir='ltr'><strong>tertio</strong></span> <span class='ocrx_word' id='word_1_82' title='bbox 1466 1698 1698 1763; x_wconf 88' lang='lat' dir='ltr'><strong>mensis</strong></span> <span class='ocrx_word' id='word_1_83' title='bbox 1744 1697 1932 1783; x_wconf 85' lang='lat' dir='ltr'><strong>Maii,</strong></span> <span class='ocrx_word' id='word_1_84' title='bbox 1987 1695 2148 1762; x_wconf 85' lang='lat' dir='ltr'><strong>hora</strong></span> <span class='ocrx_word' id='word_1_85' title='bbox 2193 1698 2312 1760; x_wconf 89' lang='lat' dir='ltr'><strong>cir-</strong></span> 
     </span>
     <span class='ocr_line' id='line_1_14' title="bbox 175 1782 2334 1873; baseline 0.001 -27"><span class='ocrx_word' id='word_1_86' title='bbox 175 1783 340 1846; x_wconf 87' lang='lat' dir='ltr'><strong>citer</strong></span> <span class='ocrx_word' id='word_1_87' title='bbox 385 1782 469 1845; x_wconf 86' lang='lat' dir='ltr'><strong>X·</strong></span> <span class='ocrx_word' id='word_1_88' title='bbox 514 1783 669 1848; x_wconf 88' lang='lat' dir='ltr'><strong>diei:</strong></span> <span class='ocrx_word' id='word_1_89' title='bbox 741 1805 867 1871; x_wconf 91' lang='lat' dir='ltr'><strong>quo</strong></span> <span class='ocrx_word' id='word_1_90' title='bbox 931 1786 1125 1849; x_wconf 88' lang='lat' dir='ltr'><strong>etiam</strong></span> <span class='ocrx_word' id='word_1_91' title='bbox 1186 1806 1354 1850; x_wconf 88' lang='lat' dir='ltr'><strong>anno</strong></span> <span class='ocrx_word' id='word_1_92' title='bbox 1432 1786 1645 1850; x_wconf 87' lang='lat' dir='ltr'><strong>subita</strong></span> <span class='ocrx_word' id='word_1_93' title='bbox 1716 1785 2081 1873; x_wconf 87' lang='lat' dir='ltr'><strong>pestilentia</strong></span> <span class='ocrx_word' id='word_1_94' title='bbox 2151 1784 2334 1869; x_wconf 82' lang='lat' dir='ltr'><strong>lues‚&#39;</strong></span> 
     </span>
     <span class='ocr_line' id='line_1_15' title="bbox 164 1872 2312 1961; baseline 0.001 -25"><span class='ocrx_word' id='word_1_95' title='bbox 164 1872 583 1958; x_wconf 81' lang='lat' dir='ltr'><strong>depopulatis</strong></span> <span class='ocrx_word' id='word_1_96' title='bbox 636 1873 815 1958; x_wconf 86' lang='lat' dir='ltr'><strong>prius</strong></span> <span class='ocrx_word' id='word_1_97' title='bbox 869 1874 1255 1938; x_wconf 84' lang='lat' dir='ltr'><strong>australibus</strong></span> <span class='ocrx_word' id='word_1_98' title='bbox 1308 1873 1670 1940; x_wconf 87' lang='lat' dir='ltr'><strong>Brittaniae</strong></span> <span class='ocrx_word' id='word_1_99' title='bbox 1724 1876 1963 1961; x_wconf 87' lang='lat' dir='ltr'><strong>plagis,</strong></span> <span class='ocrx_word' id='word_1_100' title='bbox 2019 1872 2312 1940; x_wconf 90' lang='lat' dir='ltr'><strong>Nordan-</strong></span> 
     </span>
     <span class='ocr_line' id='line_1_16' title="bbox 177 1960 2314 2050; baseline 0.003 -27"><span class='ocrx_word' id='word_1_101' title='bbox 177 1960 600 2048; x_wconf 79' lang='lat' dir='ltr'><strong>hymbrorum</strong></span> <span class='ocrx_word' id='word_1_102' title='bbox 657 1984 911 2048; x_wconf 91' lang='lat' dir='ltr'><strong>quoque</strong></span> <span class='ocrx_word' id='word_1_103' title='bbox 967 1965 1367 2049; x_wconf 85' lang='lat' dir='ltr'><strong>prouinciam</strong></span> <span class='ocrx_word' id='word_1_104' title='bbox 1422 1966 1771 2050; x_wconf 89' lang='lat' dir='ltr'><strong>corripiens</strong></span> <span class='ocrx_word' id='word_1_105' title='bbox 1827 1975 2022 2050; x_wconf 87' lang='lat' dir='ltr'><strong>atque</strong></span> <span class='ocrx_word' id='word_1_106' title='bbox 2076 1963 2314 2029; x_wconf 83' lang='lat' dir='ltr'><strong>acerba</strong></span> 
     </span>
     <span class='ocr_line' id='line_1_17' title="bbox 174 2050 2313 2138; baseline 0.001 -25"><span class='ocrx_word' id='word_1_107' title='bbox 174 2051 361 2116; x_wconf 85' lang='lat' dir='ltr'><strong>clade</strong></span> <span class='ocrx_word' id='word_1_108' title='bbox 408 2050 645 2115; x_wconf 86' lang='lat' dir='ltr'><strong>diutius</strong></span> <span class='ocrx_word' id='word_1_109' title='bbox 690 2052 883 2135; x_wconf 87' lang='lat' dir='ltr'><strong>longe</strong></span> <span class='ocrx_word' id='word_1_110' title='bbox 914 2052 1171 2137; x_wconf 89' lang='lat' dir='ltr'><strong>lateque</strong></span> <span class='ocrx_word' id='word_1_111' title='bbox 1204 2050 1601 2137; x_wconf 87' lang='lat' dir='ltr'><strong>desaeuiens‚</strong></span> <span class='ocrx_word' id='word_1_112' title='bbox 1647 2074 1952 2138; x_wconf 87' lang='lat' dir='ltr'><strong>magnam</strong></span> <span class='ocrx_word' id='word_1_113' title='bbox 1983 2052 2313 2117; x_wconf 89' lang='lat' dir='ltr'><strong>hominum</strong></span> 
     </span>
     <span class='ocr_line' id='line_1_18' title="bbox 167 2139 2310 2230; baseline 0 -26"><span class='ocrx_word' id='word_1_114' title='bbox 167 2140 654 2206; x_wconf 86' lang='lat' dir='ltr'><strong>multitudinem</strong></span> <span class='ocrx_word' id='word_1_115' title='bbox 700 2142 949 2206; x_wconf 89' lang='lat' dir='ltr'><strong>strauit.</strong></span> <span class='ocrx_word' id='word_1_116' title='bbox 1014 2139 1161 2220; x_wconf 81' lang='lat' dir='ltr'><strong>Qua</strong></span> <span class='ocrx_word' id='word_1_117' title='bbox 1204 2141 1400 2229; x_wconf 84' lang='lat' dir='ltr'><strong>plaga</strong></span> <span class='ocrx_word' id='word_1_118' title='bbox 1442 2141 1773 2230; x_wconf 86' lang='lat' dir='ltr'><strong>praefatus</strong></span> <span class='ocrx_word' id='word_1_119' title='bbox 1819 2142 2062 2207; x_wconf 91' lang='lat' dir='ltr'><strong>domini</strong></span> <span class='ocrx_word' id='word_1_120' title='bbox 2101 2162 2310 2206; x_wconf 88' lang='lat' dir='ltr'><strong>sacer-</strong></span> 
     </span>
     <span class='ocr_line' id='line_1_19' title="bbox 173 2227 2313 2316; baseline 0.001 -24"><span class='ocrx_word' id='word_1_121' title='bbox 173 2228 290 2292; x_wconf 87' lang='lat' dir='ltr'><strong>dos</strong></span> <span class='ocrx_word' id='word_1_122' title='bbox 339 2227 528 2294; x_wconf 84' lang='lat' dir='ltr'><strong>Tuda</strong></span> <span class='ocrx_word' id='word_1_123' title='bbox 571 2240 795 2316; x_wconf 88' lang='lat' dir='ltr'><strong>raptus</strong></span> <span class='ocrx_word' id='word_1_124' title='bbox 844 2240 940 2295; x_wconf 88' lang='lat' dir='ltr'><strong>est</strong></span> <span class='ocrx_word' id='word_1_125' title='bbox 987 2229 1067 2296; x_wconf 89' lang='lat' dir='ltr'><strong>de</strong></span> <span class='ocrx_word' id='word_1_126' title='bbox 1116 2229 1381 2316; x_wconf 88' lang='lat' dir='ltr'><strong>mundo,</strong></span> <span class='ocrx_word' id='word_1_127' title='bbox 1441 2241 1507 2297; x_wconf 90' lang='lat' dir='ltr'><strong>et</strong></span> <span class='ocrx_word' id='word_1_128' title='bbox 1551 2233 1617 2297; x_wconf 92' lang='lat' dir='ltr'><strong>in</strong></span> <span class='ocrx_word' id='word_1_129' title='bbox 1663 2232 2054 2296; x_wconf 85' lang='lat' dir='ltr'><strong>monasterio</strong></span> <span class='ocrx_word' id='word_1_130' title='bbox 2063 2281 2082 2316; x_wconf 87' lang='lat'><em>,</em></span> <span class='ocrx_word' id='word_1_131' title='bbox 2142 2230 2313 2316; x_wconf 88' lang='lat' dir='ltr'><strong>quod</strong></span> 
     </span>
     <span class='ocr_line' id='line_1_20' title="bbox 158 2319 2303 2407; baseline -0.001 -23"><span class='ocrx_word' id='word_1_132' title='bbox 158 2319 406 2384; x_wconf 80' lang='lat' dir='ltr'><strong>dicitur</strong></span> <span class='ocrx_word' id='word_1_133' title='bbox 471 2319 919 2404; x_wconf 87' lang='lat' dir='ltr'><strong>Paegnalaech</strong></span> <span class='ocrx_word' id='word_1_134' title='bbox 933 2369 951 2403; x_wconf 88' lang='lat'>‚</span> <span class='ocrx_word' id='word_1_135' title='bbox 1027 2319 1376 2385; x_wconf 89' lang='lat' dir='ltr'><strong>honorifice</strong></span> <span class='ocrx_word' id='word_1_136' title='bbox 1440 2322 1746 2407; x_wconf 86' lang='lat' dir='ltr'><strong>sepultus.</strong></span> <span class='ocrx_word' id='word_1_137' title='bbox 1839 2319 2026 2385; x_wconf 88' lang='lat' dir='ltr'><strong>Haec</strong></span> <span class='ocrx_word' id='word_1_138' title='bbox 2089 2329 2303 2384; x_wconf 87' lang='lat' dir='ltr'><strong>autem</strong></span> 
     </span>
     <span class='ocr_line' id='line_1_21' title="bbox 166 2407 2302 2496; baseline 0.001 -23"><span class='ocrx_word' id='word_1_139' title='bbox 166 2409 365 2494; x_wconf 87' lang='lat' dir='ltr'><strong>plaga</strong></span> <span class='ocrx_word' id='word_1_140' title='bbox 416 2407 802 2474; x_wconf 88' lang='lat' dir='ltr'><strong>Hiberniam</strong></span> <span class='ocrx_word' id='word_1_141' title='bbox 859 2429 1113 2495; x_wconf 89' lang='lat' dir='ltr'><strong>quoque</strong></span> <span class='ocrx_word' id='word_1_142' title='bbox 1170 2410 1446 2475; x_wconf 89' lang='lat' dir='ltr'><strong>insulam</strong></span> <span class='ocrx_word' id='word_1_143' title='bbox 1504 2411 1645 2496; x_wconf 88' lang='lat' dir='ltr'><strong>pari</strong></span> <span class='ocrx_word' id='word_1_144' title='bbox 1705 2410 1888 2475; x_wconf 87' lang='lat' dir='ltr'><strong>clade</strong></span> <span class='ocrx_word' id='word_1_145' title='bbox 1946 2409 2302 2495; x_wconf 89' lang='lat' dir='ltr'><strong>premebat.</strong></span> 
     </span>
     <span class='ocr_line' id='line_1_22' title="bbox 170 2497 2301 2586; baseline 0 -25"><span class='ocrx_word' id='word_1_146' title='bbox 170 2497 379 2562; x_wconf 84' lang='lat' dir='ltr'><strong>Erant</strong></span> <span class='ocrx_word' id='word_1_147' title='bbox 421 2497 665 2562; x_wconf 90' lang='lat' dir='ltr'><strong>ibidem</strong></span> <span class='ocrx_word' id='word_1_148' title='bbox 710 2521 787 2563; x_wconf 89' lang='lat' dir='ltr'><strong>eo</strong></span> <span class='ocrx_word' id='word_1_149' title='bbox 834 2507 1125 2586; x_wconf 87' lang='lat' dir='ltr'><strong>tempore</strong></span> <span class='ocrx_word' id='word_1_150' title='bbox 1170 2499 1358 2564; x_wconf 87' lang='lat' dir='ltr'><strong>multi</strong></span> <span class='ocrx_word' id='word_1_151' title='bbox 1401 2499 1712 2564; x_wconf 89' lang='lat' dir='ltr'><strong>nobilium</strong></span> <span class='ocrx_word' id='word_1_152' title='bbox 1746 2498 1936 2563; x_wconf 90' lang='lat' dir='ltr'><strong>simul</strong></span> <span class='ocrx_word' id='word_1_153' title='bbox 1967 2508 2032 2564; x_wconf 90' lang='lat' dir='ltr'><strong>et</strong></span> <span class='ocrx_word' id='word_1_154' title='bbox 2061 2498 2301 2563; x_wconf 89' lang='lat' dir='ltr'><strong>medio-</strong></span> 
     </span>
     <span class='ocr_line' id='line_1_23' title="bbox 170 2583 2302 2674; baseline -0 -23"><span class='ocrx_word' id='word_1_155' title='bbox 170 2588 375 2652; x_wconf 87' lang='lat' dir='ltr'><strong>crium</strong></span> <span class='ocrx_word' id='word_1_156' title='bbox 422 2586 503 2650; x_wconf 89' lang='lat' dir='ltr'><strong>de</strong></span> <span class='ocrx_word' id='word_1_157' title='bbox 549 2596 744 2671; x_wconf 89' lang='lat' dir='ltr'><strong>gente</strong></span> <span class='ocrx_word' id='word_1_158' title='bbox 789 2588 1180 2672; x_wconf 85' lang='lat' dir='ltr'><strong>Anglorum‚</strong></span> <span class='ocrx_word' id='word_1_159' title='bbox 1241 2589 1354 2674; x_wconf 92' lang='lat' dir='ltr'><strong>qui</strong></span> <span class='ocrx_word' id='word_1_160' title='bbox 1412 2597 1706 2674; x_wconf 88' lang='lat' dir='ltr'><strong>tempore</strong></span> <span class='ocrx_word' id='word_1_161' title='bbox 1761 2588 1995 2652; x_wconf 85' lang='lat' dir='ltr'><strong>Finani</strong></span> <span class='ocrx_word' id='word_1_162' title='bbox 2043 2596 2110 2652; x_wconf 91' lang='lat' dir='ltr'><strong>et</strong></span> <span class='ocrx_word' id='word_1_163' title='bbox 2157 2583 2302 2650; x_wconf 79' lang='lat'>001-</span> 
     </span>
     <span class='ocr_line' id='line_1_24' title="bbox 150 2674 2300 2764; baseline 0 -24"><span class='ocrx_word' id='word_1_164' title='bbox 150 2677 338 2740; x_wconf 73' lang='lat' dir='ltr'><strong>-mani</strong></span> <span class='ocrx_word' id='word_1_165' title='bbox 384 2676 858 2762; x_wconf 83' lang='lat' dir='ltr'><strong>episcoporum,</strong></span> <span class='ocrx_word' id='word_1_166' title='bbox 932 2677 1157 2742; x_wconf 82' lang='lat' dir='ltr'><strong>relicta</strong></span> <span class='ocrx_word' id='word_1_167' title='bbox 1200 2677 1408 2742; x_wconf 82' lang='lat' dir='ltr'><strong>insula</strong></span> <span class='ocrx_word' id='word_1_168' title='bbox 1452 2679 1692 2764; x_wconf 87' lang='lat' dir='ltr'><strong>patria,</strong></span> <span class='ocrx_word' id='word_1_169' title='bbox 1764 2676 1870 2742; x_wconf 91' lang='lat' dir='ltr'><strong>uel</strong></span> <span class='ocrx_word' id='word_1_170' title='bbox 1915 2676 2185 2740; x_wconf 80' lang='lat' dir='ltr'><strong>diuinae.</strong></span> <span class='ocrx_word' id='word_1_171' title='bbox 2212 2674 2300 2740; x_wconf 91' lang='lat' dir='ltr'><strong>le-</strong></span> 
     </span>
     <span class='ocr_line' id='line_1_25' title="bbox 166 2762 2306 2850; baseline -0.001 -20"><span class='ocrx_word' id='word_1_172' title='bbox 166 2765 395 2830; x_wconf 86' lang='lat' dir='ltr'><strong>ctionis</strong></span> <span class='ocrx_word' id='word_1_173' title='bbox 440 2765 549 2829; x_wconf 88' lang='lat' dir='ltr'><strong>uel</strong></span> <span class='ocrx_word' id='word_1_174' title='bbox 594 2767 1075 2831; x_wconf 85' lang='lat' dir='ltr'><strong>continentioris</strong></span> <span class='ocrx_word' id='word_1_175' title='bbox 1120 2768 1295 2832; x_wconf 90' lang='lat' dir='ltr'><strong>uitae</strong></span> <span class='ocrx_word' id='word_1_176' title='bbox 1342 2767 1558 2850; x_wconf 85' lang='lat' dir='ltr'><strong>gratia</strong></span> <span class='ocrx_word' id='word_1_177' title='bbox 1586 2766 1694 2830; x_wconf 94' lang='lat' dir='ltr'><strong>illo</strong></span> <span class='ocrx_word' id='word_1_178' title='bbox 1741 2775 2153 2832; x_wconf 82' lang='lat' dir='ltr'><strong>secesserant.</strong></span> <span class='ocrx_word' id='word_1_179' title='bbox 2217 2762 2306 2828; x_wconf 79' lang='lat' dir='ltr'><strong>Et</strong></span> 
     </span>
     <span class='ocr_line' id='line_1_26' title="bbox 163 2851 2306 2940; baseline -0.001 -22"><span class='ocrx_word' id='word_1_180' title='bbox 163 2851 430 2940; x_wconf 87' lang='lat' dir='ltr'><strong>quidam</strong></span> <span class='ocrx_word' id='word_1_181' title='bbox 475 2854 732 2940; x_wconf 90' lang='lat' dir='ltr'><strong>quidem</strong></span> <span class='ocrx_word' id='word_1_182' title='bbox 778 2876 931 2920; x_wconf 86' lang='lat' dir='ltr'><strong>mox</strong></span> <span class='ocrx_word' id='word_1_183' title='bbox 960 2877 1030 2920; x_wconf 88' lang='lat' dir='ltr'><strong>se</strong></span> <span class='ocrx_word' id='word_1_184' title='bbox 1076 2856 1472 2920; x_wconf 87' lang='lat' dir='ltr'><strong>monasticae</strong></span> <span class='ocrx_word' id='word_1_185' title='bbox 1519 2857 1990 2920; x_wconf 87' lang='lat' dir='ltr'><strong>conuersationi</strong></span> <span class='ocrx_word' id='word_1_186' title='bbox 2033 2852 2306 2919; x_wconf 86' lang='lat' dir='ltr'><strong>fideliter</strong></span> 
     </span>
     <span class='ocr_line' id='line_1_27' title="bbox 166 2943 2303 3030; baseline -0 -22"><span class='ocrx_word' id='word_1_187' title='bbox 166 2945 725 3030; x_wconf 88' lang='lat' dir='ltr'><strong>mancipauerunt‚</strong></span> <span class='ocrx_word' id='word_1_188' title='bbox 804 2944 890 3009; x_wconf 93' lang='lat' dir='ltr'><strong>ali</strong></span> <span class='ocrx_word' id='word_1_189' title='bbox 949 2945 1160 3029; x_wconf 87' lang='lat' dir='ltr'><strong>magis</strong></span> <span class='ocrx_word' id='word_1_190' title='bbox 1222 2944 1610 3009; x_wconf 89' lang='lat' dir='ltr'><strong>circueundo</strong></span> <span class='ocrx_word' id='word_1_191' title='bbox 1667 2966 1787 3030; x_wconf 87' lang='lat' dir='ltr'><strong>per</strong></span> <span class='ocrx_word' id='word_1_192' title='bbox 1847 2944 2039 3009; x_wconf 88' lang='lat' dir='ltr'><strong>cellas</strong></span> <span class='ocrx_word' id='word_1_193' title='bbox 2099 2943 2303 3027; x_wconf 85' lang='lat' dir='ltr'><strong>magi-</strong></span> 
     </span>
     <span class='ocr_line' id='line_1_28' title="bbox 166 3031 2304 3121; baseline -0.001 -25"><span class='ocrx_word' id='word_1_194' title='bbox 166 3042 474 3115; x_wconf 87' lang='lat' dir='ltr'><strong>strorum,</strong></span> <span class='ocrx_word' id='word_1_195' title='bbox 539 3031 799 3098; x_wconf 87' lang='lat' dir='ltr'><strong>lectioni</strong></span> <span class='ocrx_word' id='word_1_196' title='bbox 859 3055 1124 3121; x_wconf 89' lang='lat' dir='ltr'><strong>operam</strong></span> <span class='ocrx_word' id='word_1_197' title='bbox 1186 3031 1340 3098; x_wconf 85' lang='lat' dir='ltr'><strong>dare</strong></span> <span class='ocrx_word' id='word_1_198' title='bbox 1400 3032 1798 3118; x_wconf 86' lang='lat' dir='ltr'><strong>gaudebant:</strong></span> <span class='ocrx_word' id='word_1_199' title='bbox 1865 3053 2026 3119; x_wconf 90' lang='lat' dir='ltr'><strong>quos</strong></span> <span class='ocrx_word' id='word_1_200' title='bbox 2085 3052 2304 3097; x_wconf 88' lang='lat' dir='ltr'><strong>omnes</strong></span> 
     </span>
     <span class='ocr_line' id='line_1_29' title="bbox 152 3119 2306 3208; baseline -0.002 -20"><span class='ocrx_word' id='word_1_201' title='bbox 152 3119 374 3188; x_wconf 81' lang='lat' dir='ltr'><strong>&#39;Scotti</strong></span> <span class='ocrx_word' id='word_1_202' title='bbox 439 3121 859 3187; x_wconf 85' lang='lat' dir='ltr'><strong>libentissime</strong></span> <span class='ocrx_word' id='word_1_203' title='bbox 928 3123 1376 3208; x_wconf 86' lang='lat' dir='ltr'><strong>suscipientes,</strong></span> <span class='ocrx_word' id='word_1_204' title='bbox 1445 3123 1686 3186; x_wconf 89' lang='lat' dir='ltr'><strong>uictum</strong></span> <span class='ocrx_word' id='word_1_205' title='bbox 1751 3123 1845 3186; x_wconf 91' lang='lat' dir='ltr'><strong>eis</strong></span> <span class='ocrx_word' id='word_1_206' title='bbox 1913 3119 2306 3187; x_wconf 88' lang='lat' dir='ltr'><strong>cotidianum</strong></span> 
     </span>
     <span class='ocr_line' id='line_1_30' title="bbox 154 3210 2305 3297; baseline -0.002 -21"><span class='ocrx_word' id='word_1_207' title='bbox 154 3214 302 3276; x_wconf 77' lang='lat' dir='ltr'><strong>sine</strong></span> <span class='ocrx_word' id='word_1_208' title='bbox 364 3210 601 3296; x_wconf 86' lang='lat' dir='ltr'><strong>pretio,</strong></span> <span class='ocrx_word' id='word_1_209' title='bbox 667 3210 859 3276; x_wconf 87' lang='lat' dir='ltr'><strong>libros</strong></span> <span class='ocrx_word' id='word_1_210' title='bbox 924 3233 1180 3297; x_wconf 90' lang='lat' dir='ltr'><strong>quoque</strong></span> <span class='ocrx_word' id='word_1_211' title='bbox 1227 3211 1311 3276; x_wconf 89' lang='lat' dir='ltr'><strong>ad</strong></span> <span class='ocrx_word' id='word_1_212' title='bbox 1354 3210 1701 3296; x_wconf 86' lang='lat' dir='ltr'><strong>legendum</strong></span> <span class='ocrx_word' id='word_1_213' title='bbox 1748 3220 1813 3275; x_wconf 91' lang='lat' dir='ltr'><strong>et</strong></span> <span class='ocrx_word' id='word_1_214' title='bbox 1857 3210 2305 3296; x_wconf 87' lang='lat' dir='ltr'><strong>magisterium</strong></span> 
     </span>
     <span class='ocr_line' id='line_1_31' title="bbox 154 3301 1262 3387; baseline 0.001 -23"><span class='ocrx_word' id='word_1_215' title='bbox 154 3301 525 3385; x_wconf 60' lang='lat' dir='ltr'><strong>,gratuitum</strong></span> <span class='ocrx_word' id='word_1_216' title='bbox 570 3301 885 3387; x_wconf 89' lang='lat' dir='ltr'><strong>praebere</strong></span> <span class='ocrx_word' id='word_1_217' title='bbox 930 3301 1262 3366; x_wconf 88' lang='lat' dir='ltr'><strong>curabant.</strong></span> 
     </span>
    </p>

    <p class='ocr_par' dir='ltr' id='par_1_6' title="bbox 158 3386 2309 3922">
     <span class='ocr_line' id='line_1_32' title="bbox 344 3386 2306 3473; baseline -0.002 -20"><span class='ocrx_word' id='word_1_218' title='bbox 344 3387 552 3453; x_wconf 87' lang='lat' dir='ltr'><strong>Erant</strong></span> <span class='ocrx_word' id='word_1_219' title='bbox 596 3393 767 3454; x_wconf 90' lang='lat' dir='ltr'><strong>inter</strong></span> <span class='ocrx_word' id='word_1_220' title='bbox 810 3388 925 3454; x_wconf 90' lang='lat' dir='ltr'><strong>hos</strong></span> <span class='ocrx_word' id='word_1_221' title='bbox 972 3390 1098 3454; x_wconf 87' lang='lat' dir='ltr'><strong>duo</strong></span> <span class='ocrx_word' id='word_1_222' title='bbox 1143 3391 1409 3454; x_wconf 90' lang='lat' dir='ltr'><strong>iuuenes</strong></span> <span class='ocrx_word' id='word_1_223' title='bbox 1457 3410 1732 3473; x_wconf 85' lang='lat' dir='ltr'><strong>magnae</strong></span> <span class='ocrx_word' id='word_1_224' title='bbox 1794 3386 2026 3453; x_wconf 87' lang='lat' dir='ltr'><strong>indolis</strong></span> <span class='ocrx_word' id='word_1_225' title='bbox 2074 3387 2154 3452; x_wconf 89' lang='lat' dir='ltr'><strong>de</strong></span> <span class='ocrx_word' id='word_1_226' title='bbox 2198 3407 2306 3450; x_wconf 91' lang='lat' dir='ltr'><strong>no-</strong></span> 
     </span>
     <span class='ocr_line' id='line_1_33' title="bbox 158 3477 2308 3564; baseline -0.001 -22"><span class='ocrx_word' id='word_1_227' title='bbox 158 3478 405 3542; x_wconf 74' lang='lat' dir='ltr'><strong>&#39;bilibus</strong></span> <span class='ocrx_word' id='word_1_228' title='bbox 464 3477 828 3562; x_wconf 87' lang='lat' dir='ltr'><strong>Anglorum</strong></span> <span class='ocrx_word' id='word_1_229' title='bbox 894 3478 1181 3544; x_wconf 86' lang='lat' dir='ltr'><strong>Edilhun</strong></span> <span class='ocrx_word' id='word_1_230' title='bbox 1240 3487 1307 3544; x_wconf 86' lang='lat' dir='ltr'><strong>et</strong></span> <span class='ocrx_word' id='word_1_231' title='bbox 1358 3478 1718 3564; x_wconf 86' lang='lat' dir='ltr'><strong>Ecgberct‚</strong></span> <span class='ocrx_word' id='word_1_232' title='bbox 1791 3499 2062 3564; x_wconf 89' lang='lat' dir='ltr'><strong>quorum</strong></span> <span class='ocrx_word' id='word_1_233' title='bbox 2131 3477 2308 3564; x_wconf 87' lang='lat' dir='ltr'><strong>prior</strong></span> 
     </span>
     <span class='ocr_line' id='line_1_34' title="bbox 174 3567 2306 3654; baseline 0 -24"><span class='ocrx_word' id='word_1_234' title='bbox 174 3567 373 3633; x_wconf 85' lang='lat' dir='ltr'><strong>frater</strong></span> <span class='ocrx_word' id='word_1_235' title='bbox 418 3567 539 3631; x_wconf 85' lang='lat' dir='ltr'><strong>fuit</strong></span> <span class='ocrx_word' id='word_1_236' title='bbox 582 3567 897 3651; x_wconf 85' lang='lat' dir='ltr'><strong>Ediluini‚</strong></span> <span class='ocrx_word' id='word_1_237' title='bbox 958 3569 1085 3632; x_wconf 89' lang='lat' dir='ltr'><strong>uiri</strong></span> <span class='ocrx_word' id='word_1_238' title='bbox 1143 3589 1347 3654; x_wconf 87' lang='lat' dir='ltr'><strong>aeque</strong></span> <span class='ocrx_word' id='word_1_239' title='bbox 1408 3567 1529 3632; x_wconf 89' lang='lat' dir='ltr'><strong>deo</strong></span> <span class='ocrx_word' id='word_1_240' title='bbox 1591 3567 1837 3651; x_wconf 86' lang='lat' dir='ltr'><strong>dilecti,</strong></span> <span class='ocrx_word' id='word_1_241' title='bbox 1901 3567 2012 3652; x_wconf 91' lang='lat' dir='ltr'><strong>qui</strong></span> <span class='ocrx_word' id='word_1_242' title='bbox 2059 3574 2124 3629; x_wconf 93' lang='lat' dir='ltr'><strong>et</strong></span> <span class='ocrx_word' id='word_1_243' title='bbox 2168 3567 2306 3652; x_wconf 86' lang='lat' dir='ltr'><strong>ipse</strong></span> 
     </span>
     <span class='ocr_line' id='line_1_35' title="bbox 160 3654 2306 3742; baseline -0 -23"><span class='ocrx_word' id='word_1_244' title='bbox 160 3677 328 3720; x_wconf 81' lang='lat' dir='ltr'><strong>acuo</strong></span> <span class='ocrx_word' id='word_1_245' title='bbox 394 3667 702 3742; x_wconf 87' lang='lat' dir='ltr'><strong>sequente</strong></span> <span class='ocrx_word' id='word_1_246' title='bbox 748 3655 1132 3722; x_wconf 87' lang='lat' dir='ltr'><strong>Hiberniam</strong></span> <span class='ocrx_word' id='word_1_247' title='bbox 1192 3658 1406 3740; x_wconf 87' lang='lat' dir='ltr'><strong>gratia</strong></span> <span class='ocrx_word' id='word_1_248' title='bbox 1464 3656 1722 3740; x_wconf 87' lang='lat' dir='ltr'><strong>legendi</strong></span> <span class='ocrx_word' id='word_1_249' title='bbox 1782 3654 1938 3720; x_wconf 84' lang='lat' dir='ltr'><strong>adiit</strong></span> <span class='ocrx_word' id='word_1_250' title='bbox 2008 3664 2072 3720; x_wconf 90' lang='lat' dir='ltr'><strong>et</strong></span> <span class='ocrx_word' id='word_1_251' title='bbox 2121 3654 2306 3719; x_wconf 60' lang='lat' dir='ltr'><strong>,bene</strong></span> 
     </span>
     <span class='ocr_line' id='line_1_36' title="bbox 164 3743 2309 3833; baseline -0 -25"><span class='ocrx_word' id='word_1_252' title='bbox 164 3743 522 3810; x_wconf 84' lang='lat' dir='ltr'><strong>instructus</strong></span> <span class='ocrx_word' id='word_1_253' title='bbox 590 3748 867 3832; x_wconf 89' lang='lat' dir='ltr'><strong>patriam</strong></span> <span class='ocrx_word' id='word_1_254' title='bbox 933 3747 1127 3811; x_wconf 90' lang='lat' dir='ltr'><strong>rediit</strong></span> <span class='ocrx_word' id='word_1_255' title='bbox 1190 3756 1388 3833; x_wconf 88' lang='lat' dir='ltr'><strong>atque</strong></span> <span class='ocrx_word' id='word_1_256' title='bbox 1454 3748 1790 3832; x_wconf 90' lang='lat' dir='ltr'><strong>episcopus</strong></span> <span class='ocrx_word' id='word_1_257' title='bbox 1849 3746 1917 3810; x_wconf 92' lang='lat' dir='ltr'><strong>in</strong></span> <span class='ocrx_word' id='word_1_258' title='bbox 1974 3745 2309 3831; x_wconf 86' lang='lat' dir='ltr'><strong>prouincia</strong></span> 
     </span>
     <span class='ocr_line' id='line_1_37' title="bbox 169 3829 2304 3922; baseline -0 -26"><span class='ocrx_word' id='word_1_259' title='bbox 169 3829 455 3900; x_wconf 87' lang='lat' dir='ltr'><strong>Lindissi</strong></span> <span class='ocrx_word' id='word_1_260' title='bbox 492 3835 702 3900; x_wconf 86' lang='lat' dir='ltr'><strong>factus</strong></span> <span class='ocrx_word' id='word_1_261' title='bbox 748 3836 949 3900; x_wconf 90' lang='lat' dir='ltr'><strong>multo</strong></span> <span class='ocrx_word' id='word_1_262' title='bbox 982 3836 1322 3901; x_wconf 85' lang='lat' dir='ltr'><strong>ecclesiam</strong></span> <span class='ocrx_word' id='word_1_263' title='bbox 1352 3845 1646 3922; x_wconf 89' lang='lat' dir='ltr'><strong>tempore</strong></span> <span class='ocrx_word' id='word_1_264' title='bbox 1677 3833 2071 3900; x_wconf 88' lang='lat' dir='ltr'><strong>nobilissime</strong></span> <span class='ocrx_word' id='word_1_265' title='bbox 2119 3835 2304 3898; x_wconf 84' lang='lat' dir='ltr'><strong>rexit.</strong></span> 
     </span>
    </p>
   </div>
  </div>
 </body>
</html>
