2723 4326
416 194 501 256 96
2353 189 2423 243 ΙΙ.
2465 188 2554 243 17.

1439 510 1541 579 17.

414 669 493 726 Vt
529 668 689 724 idem
738 668 813 725 ab
850 667 1126 725 Honorio
1172 682 1332 738 papa
1383 668 1846 726 exhortatorIas
1897 668 2154 725 litteras
2205 669 2548 739 acceperit,

858 756 965 827 qui
1004 757 1193 813 etlam
1229 757 1496 814 Pau11no
1535 758 1796 829 pallium
1833 758 2105 815 miserit.

591 899 734 979 Quo
780 911 1071 989 tempore
1116 904 1554 989 praesulatum
1600 903 1768 969 sedis
1799 904 2186 990 apostolicae
2217 903 2548 968 Honorius

412 990 720 1056 Bonifatii
752 1014 1081 1057 successor
1126 990 1427 1077 habebat,
1474 994 1604 1078 qui,
1652 992 1763 1057 'ubi
1794 1001 2059 1078 gentem
2089 988 2154 1055 N
2161 990 2546 1079 ordanhym

414 1079 677 1145 brorum
720 1102 868 1145 cum
914 1102 1027 1145 suo
1070 1102 1232 1165 rege
1278 1081 1363 1146 ad
1407 1079 1601 1147 fidem
1661 1082 2254 1167 confessionemque
2301 1078 2552 1147 Christi

412 1168 680 1234 Paulino
726 1169 1214 1253 euangelizante
1244 1192 1624 1236 conuersam
1655 1194 1796 1235 esse
1841 1169 2082 1253 didicit,
2128 1171 2304 1234 misit
2335 1168 2549 1235 eidem

410 1257 681 1325 Paulino
735 1258 1029 1345 pallium3
1086 1260 1263 1325 misit
1309 1267 1374 1325 et
1417 1262 1563 1345 regi
1608 1258 1904 1325 Aeduino
1949 1260 2200 1325 litteras
2247 1258 2548 1327 exhorta·

409 1349 629 1431 torias,
689 1356 961 1434 paterna
1005 1347 1186 1413 illum
1234 1350 1504 1415 caritate
1549 1348 1923 1433 accendens,
1972 1356 2043 1413 ut
2088 1350 2154 1412 in
2199 1346 2326 1412 fide
2373 1352 2542 1414 ueri-

412 1438 594 1520 tatis,
656 1457 849 1521 quam
906 1447 1318 1524 acceperant,
1381 1440 1731 1524 persistere
1790 1460 2044 1524 semper
2095 1460 2173 1503 ac
2226 1436 2548 1523 proficere

414 1534 728 1589 curarent.
822 1523 1111 1604 Quarum
1154 1526 1460 1593 uidelicet
1505 1527 1872 1592 litterarum·
1909 1528 2032 1592 iste
2079 1536 2178 1592 est
2223 1523 2406 1591 ordo:

590 1613 889 1679 ‘Domino
937 1614 1470 1681 excellentissimo
1515 1624 1712 1702 atque
1757 1614 2362 1702 praecellentissimo
2408 1614 2545 1682 filio

412 1701 709 1769 Aeduino
756 1706 898 1788 regi
942 1702 1301 1789 Anglorum
1351 1704 1678 1770 Honorius
1735 1705 2071 1792 episcopus
2127 1726 2350 1769 seruus
2409 1728 2542 1771 ser-

411 1816 639 1857 uorum
686 1791 790 1858 dei
834 1794 1125 1859 salutem.

586 1881 691 1946 Ita
737 1878 1233 1948 Christianitatis
1290 1890 1544 1947 uestrae
1604 1884 1947 1967 integritas
2003 1884 2173 1947 circa
2233 1884 2333 1947 sui
2390 1904 2541 1948 con·

412 1970 633 2035 diteris
680 1971 921 2035 cultum
965 1970 1116 2037 fidei
1161 1981 1259 2037 est
1300 1970 1532 2037 ardore
1581 1993 1905 2053 succensa,
1953 1979 2024 2035 ut
2055 1972 2246 2056 longe
2283 1972 2544 2076 lateque

412 2059 817 2146 resplendeat
873 2069 937 2126 et
980 2063 1047 2125 in
1102 2062 1277 2125 omni
1332 2060 1572 2126 mundo
1632 2058 2007 2125 adnuntiata
2064 2060 2264 2125 uestri
2326 2063 2542 2147 operis

412 2148 851 2254 multipliciter
908 2151 1147 2216 referat
1204 2148 1505 2216 fructum.
1597 2146 1709 2217 Sic
1756 2152 1928 2216 enim
1970 2172 2086 2214 uos
2145 2170 2334 2235 reges
2397 2173 2542 2216 esse

411 2241 817 2324 cognoscitis,
864 2237 1016 2303 dum
1062 2261 1287 2324 regem
1332 2248 1398 2305 et
1444 2248 1802 2304 creatorem
1847 2246 2135 2303 uestrum
2180 2238 2544 2306 orthodoxa

410 2327 890 2414 praedicatione
935 2327 1146 2394 edocti
1176 2327 1368 2393 deum
1408 2326 1774 2394 uenerando
1821 2325 2080 2392 creditis
2111 2327 2320 2414 eique,
2368 2328 2542 2415 quod

411 2418 689 2482 humana
734 2417 908 2483 ualet
954 2417 1261 2502 condici0,
1308 2419 1543 2482 mentis
1587 2425 1845 2484 uestrae
1891 2418 2204 2481 sinceram
2248 2414 2540 2483 deuotio-

411 2529 557 2572 nem
604 2506 951 2572 exsoluitis.
1014 2504 1184 2585 Quid
1219 2507 1389 2572 enim
1436 2505 1557 2572 deo
1599 2516 1819 2571 nostro
1865 2505 2037 2571 aliud
2083 2505 2320 2572 offerre
2363 2508 2538 2573 uale-

412 2597 650 2680 bimus,
714 2595 839 2660 nisi
896 2605 964 2660 ut
1019 2596 1089 2660 in
1154 2596 1337 2661 bonis
1405 2596 1654 2661 actibus
1721 2595 2136 2681 persistentes
2197 2596 2542 2683 ipsumque

412 2693 740 2750 auctorem
799 2683 1063 2750 humani
1120 2686 1378 2770 generis
1435 2682 1814 2750 confitentes
1873 2705 2021 2749 eum
2082 2683 2290 2749 colere
2349 2685 2541 2771 eique

414 2782 564 2836 uota
607 2781 825 2838 nostra
871 2772 1139 2840 reddere
1183 2771 1601 2840 festinemus?
1660 2773 1750 2838 Et
1793 2773 1958 2877 ide0,
2007 2773 2544 2842 excellentissime

412 2859 531 2944 fili,
590 2869 861 2947 paterna
906 2885 1019 2927 uos
1065 2865 1363 2945 caritate,
1421 2885 1549 2950 qua
1594 2863 1918 2944 conuenit,
1974 2861 2421 2948 exhortamur,
2469 2873 2544 2930 ut

413 2950 552 3034 hoc,
602 2950 771 3035 quod
800 2974 917 3016 uos
947 2950 1165 3018 diuina
1202 2949 1640 3016 misericordia
1668 2949 1750 3016 ad
1781 2973 1963 3016 suam
1997 2953 2274 3035 gratiam
2306 2974 2544 3018 uocare

415 3039 680 3125 dignata
737 3049 866 3125 est,
934 3041 1201 3106 sollicita
1262 3041 1617 3106 intentione
1677 3050 1742 3106 et
1799 3039 2082 3106 adsiduis
2144 3041 2543 3107 orationibus

416 3151 674 3195 seruare
742 3129 1104 3195 omnimodo
1170 3129 1515 3215 festinetis3
1580 3138 1678 3214 ut,
1744 3131 1854 3216 qui
1912 3151 2028 3194 uos
2085 3131 2153 3195 in
2212 3133 2545 3216 praesenti

414 3219 669 3284 saeculo
716 3239 799 3283 ex
844 3221 1016 3285 omni
1070 3241 1285 3297 errore
1337 3219 1662 3284 absolutos
1715 3217 1798 3284 ad
1844 3219 2239 3322 agnitionem
2285 3221 2383 3283 sui
2428 3241 2542 3284 no·

416 3310 605 3374 minis
652 3317 750 3372 est
794 3305 1093 3393 dignatus
1136 3308 1542 3396 perducere,
1583 3317 1648 3374 et
1705 3307 1996 3373 caelestis
2055 3308 2304 3394 patriae
2351 3308 2542 3374 uobis

412 3405 756 3484 praeparet
799 3399 1216 3463 mansionem.
1292 3397 1764 3462 Praedicatoris
1809 3398 2006 3482 igitur
2049 3399 2254 3461 uestri
2300 3394 2543 3462 domini

415 3485 543 3550 mei
604 3486 993 3570 apostolicae
1060 3488 1407 3552 memoriae
1465 3483 1773 3571 Gregorii
1835 3486 2202 3571 frequenter
2266 3486 2544 3552 lectione

416 3575 727 3678 occupati,
773 3597 930 3661 prae
978 3575 1175 3642 oculis
1221 3575 1521 3641 affectum
1569 3574 1948 3640 doctrinae
1929 3576 2148 3661 ipsius,
2198 3596 2391 3660 quem
2420 3597 2542 3661 pro

414 3664 645 3728 uestris
709 3664 1041 3730 animabus
1103 3665 1380 3731 libenter
1442 3665 1757 3748 exercuit,
1826 3663 2154 3748 habetote3
2224 3673 2543 3750 quatenus

416 3751 552 3816 eius
597 3753 799 3817 oratio
829 3763 898 3818 et
933 3777 1207 3841 regnum
1250 3764 1536 3819 uestrum
1580 3753 2014 3841 populumque
2061 3761 2297 3839 augeat
2328 3762 2393 3818 et
2424 3775 2542 3818 uos

415 3841 830 3927 omnipotenti
875 3842 994 3908 deo
1040 3843 1644 3930 inreprehensibiles
1689 3850 2146 3931 repraesentet.
2220 3841 2320 3906 Ea
2362 3864 2540 3928 uere,
