2723 4326
151 229 216 281 ΙΙ.
263 229 312 282 1.
2216 233 2300 297 63

151 406 416 471 Iustitia
473 404 734 470 indutus
785 427 926 469 sum
971 415 1038 471 et
1098 407 1334 471 uestiui
1379 430 1511 492 me,
1576 409 1739 472 sicut
1802 410 2191 473 uestimento
2240 417 2305 474 et

150 494 544 577 diademate,
592 494 828 559 iudicio
877 517 1042 563 meo.
1116 493 1358 560 Oculus
1404 496 1499 560 fui
1544 519 1734 562 caeco
1782 506 1848 562 et
1892 519 2007 583 pes
2054 496 2302 564 claudo,

148 584 354 650 Pater
401 605 581 649 eram
626 605 993 670 pauperum
1042 593 1108 650 et
1154 607 1434 670 causam,
1484 608 1678 671 quam
1722 587 2113 672 nesciebam,
2162 585 2301 652 dili-

151 675 541 760 gentissime
606 673 1106 758 inuestigabam.
1203 672 1638 741 Conterebam
1706 675 1909 741 molas
1972 676 2173 762 iniqui
2238 685 2304 741 et

151 764 238 828 de
293 762 596 828 dentibus
656 762 828 827 illius
889 761 1264 828 auferebam
1326 762 1677 850 praedam’.
1771 763 1860 829 Et
1912 765 2105 852 paulo
2160 775 2304 851 post

151 851 299 937 (Iob
321 853 428 933 31,
458 849 778 938 16—18):
831 849 925 917 ‘Si
955 853 1236 936 negaui,’
1283 853 1493 938 inquit
1541 851 1733 939 ‘quod
1776 854 2102 938 uolebant,
2150 877 2304 940 pau-

150 941 441 1028 1101111113,
492 949 557 1005 01
604 942 818 1005 0011103
865 939 1098 1005 uiduae
1145 952 1491 1027 expectare
1535 942 1682 1007 feci.
1747 940 1822 1008 Si
1870 943 2120 1008 comedi
2150 945 2302 1009 buc-

153 1030 389 1095 cellam
434 1051 649 1094 meam
695 1029 888 1115 solus,
937 1038 1004 1094 et
1047 1053 1177 1095 non
1223 1029 1505 1096 comedit
1547 1031 1835 1118 pupillus
1862 1053 1945 1096 ex
1977 1054 2071 1097 ea.
2136 1031 2305 1111 Quia

151 1121 238 1184 ab
298 1119 576 1183 infantia
639 1140 788 1183 mea
845 1120 1048 1184 creuit
1109 1141 1367 1184 mecum
1436 1121 1795 1205 miserati0‚
1856 1129 1923 1186 et
1982 1119 2061 1185 de
2120 1131 2303 1187 utero

151 1209 383 1273 matris
427 1229 612 1274 meae
659 1230 926 1293 egressa
972 1217 1072 1273 est
1114 1208 1412 1274 mecum'.

336 1295 446 1361 Ad
507 1297 685 1360 cuius
749 1298 1011 1384 pietatis
1072 1307 1137 1362 01
1195 1299 1481 1363 1113111100
1548 1321 1705 1386 011113
1764 1299 2048 1386 pertinet
2108 1302 2305 1364 etiam

151 1385 307 1470 hoc,
374 1385 546 1472 quod
589 1394 880 1451 nostram
926 1393 1190 1471 gentem
1236 1409 1353 1473 per
1400 1388 1909 1476 praedicatores,
1976 1410 2135 1473 quos
2181 1387 2305 1453 huc

152 1476 418 1560 direxit,
466 1475 548 1541 de
594 1475 894 1540 dentibus
941 1477 1192 1562 antiqui
1236 1474 1441 1542 hostis
1476 1478 1751 1563 eripiens
1784 1486 2085 1542 aeternae
2116 1478 2307 1544 liber-

154 1567 316 1630 tatis
361 1565 519 1629 fecit
565 1585 706 1628 0330
760 1565 1171 1651 participem:
1239 1567 1419 1630 cuius
1470 1564 1625 1630 fidei
1670 1575 1737 1631 et
1783 1565 1975 1630 saluti
2028 1589 2305 1652 congau-

156 1654 352 1736 dens,
419 1675 741 1739 quamque
796 1651 996 1738 digna
1048 1652 1236 1718 laude
1296 1653 1779 1740 commendam,
1847 1657 1985 1741 ipse
2033 1656 2196 1721 dixit
2240 1659 2307 1720 in

152 1743 584 1830 Expositione
630 1743 810 1807 beati
854 1741 976 1806 Iob
1013 1739 1320 1828 (XXVII
1355 1746 1459 1822 11,
1494 1746 1575 1808 21
1611 1750 1652 1809 t.
1688 1743 1737 1807 I
1756 1745 1866 1808 col.
1902 1744 2051 1812 862.
2084 1741 2302 1830 Ben.):

155 1833 358 1897 ‘Ecce
397 1831 624 1916 lingua
657 1830 1051 1916 Brittaniae,
1091 1854 1255 1917 quae
1288 1833 1383 1897 nil
1414 1832 1591 1898 aliud
1624 1843 1897 1898 nouerat
1934 1855 2127 1919 quam
2166 1834 2306 1898 bar-

154 1922 393 1986 barum
438 1918 759 2006 frendere,
807 1922 938 1986 iam
969 1919 1211 1987 dudum
1241 1923 1312 1986 in
1342 1920 1577 1986 diuinis
1607 1921 1904 1986 laudibus
1928 1922 2306 1989 Hebraeum

156 2011 377 2096 coepit
425 2009 680 2074 alleluia
727 2031 972 2075 sonare.
1041 2010 1210 2076 Ecce
1258 2010 1584 2096 quondam
1626 2009 1932 2096 tumidus,
1981 2014 2110 2076 iam
2158 2012 2304 2077 sub·

155 2108 401 2165 stratus
447 2108 815 2165 sanctorum
873 2099 1148 2187 pedibus
1210 2101 1411 2165 seruit
1456 2098 1788 2186 Oceanus,
1845 2101 2107 2188 eiusque
2159 2101 2303 2167 bar-

154 2191 354 2255 baros
401 2198 629 2273 motus,
680 2211 838 2275 quos
885 2192 1126 2255 terreni
1170 2191 1496 2277 principes
1544 2189 1847 2255 edomare
1877 2190 2052 2255 ferro
2085 2193 2306 2276 nequi-

154 2288 411 2360 uerant,
443 2276 560 2343 hos
581 2300 699 2364 pro
725 2277 945 2345 diuina
967 2277 1312 2343 formidine
1337 2279 1745 2344 sacerdotum
1770 2302 1882 2344 ora
1906 2280 2305 2365 simplicibus

155 2367 378 2433 uerbis
406 2367 636 2453 ligant,
685 2376 750 2432 et
783 2370 894 2453 qui
941 2377 1234 2433 cateruas
1281 2371 1707 2455 pugnantium
1752 2367 2030 2433 infidelis
2065 2391 2303 2455 nequa-

202 2479 355 2521 uam
403 2466 740 2537 metueret,
787 2459 919 2522 iam
955 2479 1126 2522 nunc
1169 2454 1373 2522 fidelis
1419 2456 1754 2523 humilium
1798 2459 2055 2543 linguas
2099 2460 2303 2523 timet.

158 2479 333 2623 {luia
403 2548 574 2611 enim
643 2548 967 2634 perceptis
1031 2546 1416 2611 caelestibus
1478 2547 1723 2632 uerbis,
1804 2546 2305 2612 clarescentibus

160 2656 420 2722 quoque
466 2635 812 2717 miraculis,
861 2638 1066 2701 uirtus
1099 2637 1161 2701 ei
1191 2634 1449 2701 diuinae
1495 2636 1881 2721 cognitionis
1926 2634 2303 2721 infunditur,

161 2724 451 2790 eiusdem
509 2725 866 2790 diuinitatis
926 2734 1176 2791 terrore
1235 2725 1671 2809 refraenatur,
1732 2736 1805 2790 ut
1850 2747 2051 2811 praue
2109 2747 2307 2810 agere

158 2821 431 2897 metuat,
481 2836 558 2879 00
603 2816 755 2879 10113
801 2814 1132 2880 desideriis
1177 2812 1260 2879 ad
1306 2816 1711 2880 aeternitatis
1756 2816 2037 2900 gratiam
2083 2816 2304 2880 uenire

159 2904 619 2989 concupiscat!
681 2900 931 2981 Quibus
977 2905 1195 2970 uerbis
1241 2903 1471 2969 beatus
1505 2902 1865 2988 Gregorius
1895 2903 2019 2969 1100
2050 2926 2306 2991 quoque

159 2991 480 3075 declarat,
543 2992 694 3078 quia
740 3002 998 3058 sanctus
1044 2992 1452 3077 Augustinus
1499 3002 1564 3059 et
1608 2995 1768 3058 socii
1816 2995 1953 3057 eius
1997 3015 2127 3058 non
2172 2993 2308 3058 sola

159 3079 646 3169 praedicatione
690 3082 1065 3167 uerborum,
1125 3082 1239 3147 sed
1285 3084 1481 3147 etiam
1530 3083 1903 3148 caelestium
1950 3083 2307 3147 ostensione

160 3173 500 3255 signorum
545 3180 804 3257 gentem
848 3170 1211 3257 Anglorum
1257 3169 1340 3237 ad
1386 3173 1785 3256 agnitionem
1830 3173 2125 3236 ueritatis
2163 3193 2307 3257 per-

157 3259 502 3326 ducebant.

339 3349 528 3414 Fecit
572 3351 742 3415 inter
785 3350 914 3415 alia
958 3349 1189 3415 beatus
1233 3374 1407 3439 papa
1445 3349 1824 3434 Gregorius,
1872 3358 1945 3414 ut
1990 3351 2059 3414 in
2106 3348 2306 3413 eccle-

160 3440 271 3503 siis
322 3447 694 3503 sanctorum
741 3440 1178 3527 apostolorum
1223 3442 1404 3506 Petri
1451 3449 1517 3506 et
1561 3439 1747 3504 Pauli
1794 3460 1988 3524 super
2036 3460 2308 3524 corpora

162 3550 389 3593 eorum
451 3530 686 3593 missae
748 3527 1246 3598 celebrarentur.
1341 3528 1473 3596 Sed
1527 3537 1591 3593 et
1644 3529 1710 3591 in
1764 3528 1907 3614 ipsa
1966 3528 2309 3592 missarum

163 3617 602 3683 celebratione
631 3619 758 3682 tria
804 3619 1005 3684 uerba
1049 3619 1373 3684 maximae
1416 3618 1831 3705 perfectionis
1860 3616 2057 3704 plena
2088 3638 2308 3703 super-

161 3706 432 3771 adiecit:
503 3705 812 3793 ‘Diesque
857 3718 1109 3773 nostros
1153 3710 1220 3772 in
1265 3718 1379 3773 tua
1426 3730 1587 3795 pace
1632 3705 1935 3793 disponas
1984 3716 2178 3792 atque
2224 3706 2306 3771 ab

164 3805 427 3861 aeterna
488 3793 898 3861 damnatione
958 3818 1075 3861 nos
1137 3799 1326 3884 eripi,
1390 3808 1455 3863 et
1505 3797 1574 3861 in
1634 3795 1987 3861 electorum
2046 3804 2307 3860 tuorum

163 3884 389 3951 iubeas
436 3906 640 3971 grege
685 3888 1056 3952 numerari'.
