2723 4326
398 227 526 292 194
2143 226 2265 278 1111.
2308 227 2540 282 17-.1s.

396 403 541 468 dem
577 401 910 487 dogmata3
958 411 1023 466 et
1044 404 1112 466 in
1137 399 1497 466 Calcedone
1520 399 1727 466 ΒΟῘωιι
1752 410 1817 466 et
1840 399 2051 466 XXX
2082 411 2307 467 eontra
2329 401 2535 489 Euty·

395 491 561 557 chen
585 501 650 556 et
670 489 1042 555 Nestorium
1070 499 1134 556 et
1161 512 1385 555 eorum
1416 490 1752 576 dogmata3
1787 502 1852 556 et
1874 491 2110 556 iterum
2132 492 2201 556 in
2224 489 2537 557 Constan-

393 581 661 667 tinopoli
722 581 946 667 quinto
1007 581 1387 664 congregati
1445 589 1593 644 sunt
1652 580 1922 645 concilio
1969 581 2036 644 in
2089 589 2386 667 tempore
2430 580 2539 645 Iu·

396 671 655 737 stiniani
699 670 969 734 minoris
1017 678 1238 734 contra
1287 666 1703 734 Theodorum
1750 678 1815 733 et
1847 667 2243 734 Theodoreti
2280 678 2346 734 et
2378 667 2542 735 Ibae

397 758 705 846 epistulas
751 766 815 823 et
860 780 1084 822 eorum
1131 756 1437 842 dogmata
1482 767 1706 822 contra
1750 756 2108 845 Cyrillum’.
2202 757 2291 822 Et
2343 759 2541 844 paulo

396 857 571 935 post:
621 847 730 911 ‘Et
776 845 1112 932 synodum,
1161 869 1325 933 quae
1373 847 1545 911 facta
1592 856 1691 912 est
1734 848 1801 912 in
1846 847 2009 911 urbe
2040 845 2249 911 Roma
2278 846 2345 911 in
2376 856 2537 912 tem-

397 958 554 1024 pore
582 935 849 1001 Martini
879 957 1087 1022 papae
1117 937 1491 1020 beatissimi,
1538 936 1884 1001 indictione
1913 935 2128 1019 VIII‘,
2175 937 2544 1022 imperante

400 1025 818 1090 Constantino
872 1026 1161 1110 piissimo
1216 1046 1384 1090 anno
1431 1046 1621 1110 nono,
1676 1026 2091 1111 suscepimus.
2162 1024 2251 1088 Et
2296 1024 2537 1109 glorifi-

399 1136 618 1180 camus
666 1111 997 1178 dominum
1026 1123 1316 1179 nostrum
1346 1113 1589 1199 Iesum,
1638 1117 1805 1178 sieut
1832 1115 1940 1178 isti
1981 1113 2530 1198 glorificauerunt3

399 1203 559 1268 nihil
587 1202 900 1268 addentes
929 1202 1036 1267 uel
1065 1201 1545 1268 subtrahentes:
1595 1211 1660 1267 et
1694 1202 2313 1268 anathematizamus
2345 1202 2543 1268 corde

401 1302 472 1358 et
514 1314 645 1375 ore,
694 1313 852 1377 quos
899 1290 1549 1376 anathematizarunt3
1601 1300 1666 1356 et
1712 1313 1871 1378 quos
1917 1301 2357 1378 susceperunt,
2407 1314 2539 1356 sus-

405 1383 720 1468 cepimus:
769 1378 1204 1464 glorificantes
1251 1378 1443 1444 deum
1486 1389 1742 1467 patrem
1788 1383 1927 1446 sine
1971 1382 2173 1464 initio,
2224 1390 2291 1447 et
2334 1379 2539 1445 filium

405 1471 543 1534 eius
601 1470 1008 1553 unigenitum
1068 1491 1149 1533 ex
1206 1478 1395 1555 patre
1458 1479 1841 1554 generatum
1902 1479 2056 1535 ante
2120 1470 2379 1534 saecula
2388 1520 2406 1554 ,
2476 1479 2543 1536 et

405 1559 702 1645 spiritum
747 1567 1042 1622 sanctum
1085 1556 1541 1645 procedentem
1590 1580 1672 1623 ex
1716 1569 1903 1645 patre
1935 1567 2001 1623 et
2031 1557 2161 1623 filio
2208 1560 2539 1624 inenarra-

401 1647 637 1732 biliter,
686 1649 852 1712 sicut
898 1647 1437 1733 praedicanerunt
1467 1646 1555 1731 hi,
1604 1669 1763 1733 quos
1794 1649 2291 1712 memorauimus
2324 1670 2545 1734 supra,

406 1738 612 1802 sancti
663 1735 939 1823 apostoli
986 1745 1051 1800 et
1096 1734 1455 1823 prophetae
1500 1747 1567 1802 et
1612 1735 1925 1802 doctores.
2018 1736 2108 1801 Et
2150 1759 2269 1802 nos
2317 1759 2547 1802 omnes

406 1825 928 1912 subscripsimus,
999 1827 1109 1911 qui
1173 1848 1319 1890 cum
1392 1825 1734 1891 Theodoro
1798 1824 2279 1912 archiepiscopo
2348 1826 2544 1892 fidem

405 1913 787 1980 catholicam
833 1916 1286 2002 exposuimus'.

1338 2200 1419 2264 18
1469 2196 1621 2287 [16].

408 2375 499 2430 De
534 2373 808 2430 Iohanne
847 2374 1171 2430 cantatore
1210 2374 1377 2430 seclis
1416 2374 1831 2445 apostolicae,
1882 2375 1989 2444 qui
2026 2375 2288 2445 prepter
2326 2376 2551 2432 decen·

1038 2464 1177 2519 ‹lum
1213 2464 1596 2520 Brittaniam
1631 2464 1904 2521 uenerit.

587 2624 909 2690 Intererat
969 2624 1118 2691 huic
1183 2624 1429 2713 synodo
1448 2677 1467 2711 ,
1538 2629 1910 2714 pariterque
1976 2626 2328 2692 catholicae
2393 2625 2550 2691 fidei

411 2712 673 2779 decreta
729 2713 1031 2779 firmabat
1088 2716 1190 2779 uir
1246 2715 1636 2781 uenerabilis
1682 2716 2003 2782 Iohannes
2070 2714 2550 2781 archicantator

410 2802 720 2868 ecclesiae
770 2804 975 2869 sancti
1020 2805 1294 2891 apostoli
1339 2804 1543 2889 Petri,
1593 2815 1658 2871 et
1702 2806 1903 2871 abbas
1950 2806 2325 2869 monasterii
2371 2804 2548 2870 beati

407 2889 693 2975 Martini,
743 2894 851 2978 qui
895 2914 1102 2979 nuper
1146 2903 1415 2959 uenerat
1459 2917 1499 2960 a
1528 2894 1737 2959 Roma
1781 2918 1899 2981 per
1942 2896 2290 2959 iussionem
2334 2915 2548 2981 papae

409 2979 801 3065 Agathonis,
844 2980 1004 3046 duce
1035 2985 1555 3048 reuerentissimo
1586 2983 1822 3050 abbate
1852 2983 2130 3071 Biscopo
2165 2985 2548 3067 cognomine

409 3068 792 3147 Benedict0‚
871 3071 1050 3135 cuius
1119 3094 1316 3159 supra
1382 3073 1810 3137 meminimus.
1904 3071 2071 3138 Cum
2134 3074 2306 3137 enim
2373 3070 2547 3137 idem

409 3155 800 3225 Benedictus
847 3162 1312 3225 construxisset
1355 3163 1818 3227 monasterium
1861 3159 2220 3226 Brittaniae
2248 3162 2319 3225 in
2348 3160 2546 3225 hono·

407 3270 551 3313 rem
595 3248 951 3313 beatissimi
981 3250 1414 3335 apostolorum
1446 3252 1755 3338 principis
1786 3252 1969 3315 iuxta
1998 3252 2232 3315 ostium
2261 3247 2548 3313 fluminis

408 3334 627 3422 Viuri‚
686 3338 869 3401 uenit
913 3337 1187 3403 Romam
1247 3361 1394 3404 eum
1455 3348 1871 3426 cooperatore
1916 3362 1993 3404 ac
2038 3339 2209 3404 socio
2256 3336 2547 3403 eiusdem

411 3427 622 3512 operis
669 3422 1018 3511 Oeolfrido‚
1076 3430 1186 3513 qui
1232 3438 1380 3515 post
1422 3429 1634 3515 ipsum
1684 3427 1969 3494 eiusdem
2014 3427 2382 3492 monasterii
2431 3427 2541 3492 ab·

408 3514 526 3579 bas
572 3514 714 3598 fuit,
760 3515 929 3602 quod
978 3528 1044 3581 et
1088 3526 1238 3582 ante
1285 3520 1541 3604 saepius
1587 3518 1805 3585 facere
1851 3524 2289 3599 consueuerat,
2349 3523 2546 3602 atque

410 3600 758 3667 honorifice
803 3626 844 3667 a
888 3604 1117 3671 beatae
1177 3610 1526 3672 memoriae
1583 3630 1755 3695 papa
1798 3604 2145 3690 Agathone
2206 3614 2543 3691 susceptus

414 3698 536 3753 est:
585 3693 902 3777 petiitque
949 3702 1014 3758 et
1059 3697 1310 3785 accepit
1339 3698 1424 3762 ab
1456 3719 1551 3778 e0,
1599 3700 1666 3760 in
1712 3698 2176 3760 munimentum
2221 3693 2543 3758 libertatis

413 3781 803 3863 monasterii,
853 3780 1024 3867 qnod
1070 3784 1334 3869 fecerat,
1392 3786 1739 3872 epistulam,
1775 3784 2100 3872 priuilegii
2146 3804 2226 3847 ex
2272 3784 2542 3847 auctori—

415 3872 551 3929 tate
610 3869 959 3952 apostolica
1016 3871 1368 3958 firmatam3
1428 3877 1609 3939 iuxta
1662 3874 1834 3961 quod
1876 3871 2260 3959 Ecgfridum
2318 3891 2545 3957 regem
