2723 4326
119 237 161 288 1.
204 237 252 290 7.
2170 236 2263 299 13

115 411 366 477 taribus
435 413 570 476 eius
640 411 1188 476 exhortationibus
1268 410 1580 497 paulatim
1646 409 1941 496 edoctus,
2013 410 2258 478 relictis

115 501 458 567 idolatriae
505 501 788 566 tenebris
821 499 1222 566 Christianus
1268 501 1523 584 integro
1558 522 1638 564 ex
1671 500 1863 565 corde
1894 500 2101 565 factus
2135 510 2257 566 est.

117 588 420 675 Cumque
466 590 797 676 praefatus
827 591 1098 655 clericus
1129 590 1373 674 aliquot
1404 588 1629 653 diebus
1661 589 1833 676 apud
1865 612 2010 654 eum
2042 590 2255 676 hospi-

115 689 404 762 taretur,
468 680 764 766 peruenit
810 677 894 745 ad
938 701 1125 744 aures
1169 677 1431 742 nefandi
1476 680 1783 765 principis
1829 678 2258 744 confessorem

117 766 386 852 Christi,
437 771 540 834 cui
571 767 844 833 necdum
873 768 1083 833 fuerat
1112 768 1290 832 locus
1320 769 1618 854 martyrii
1650 765 2010 855 deputatus,
2058 791 2264 856 penes

114 857 452 922 Albanum
511 858 736 923 latere.
829 855 1020 922 Vnde
1084 859 1303 922 statim
1364 858 1547 920 iussit
1604 857 1843 922 milites
1910 880 2057 922 eum
2117 857 2255 922 dili-

119 949 385 1032 gentius
439 949 784 1034 inquirere.
879 945 1008 1024 Qui
1054 969 1199 1010 cum
1245 942 1329 1010 ad
1374 947 1711 1030 tugurium·
1759 949 2061 1034 martyris
2115 969 2258 1033 per-

116 1038 471 1119 uenissent,
506 1058 658 1100 mox
689 1060 757 1101 se
788 1046 1046 1100 sanctus
1081 1034 1371 1099 Albanus
1404 1057 1521 1120 pro
1553 1034 1805 1122 hospite
1837 1058 1912 1101 ac
1944 1039 2267 1120 magistro-

119 1148 273 1210 suo,
319 1127 520 1211 ipsius
577 1124 832 1208 habitu,
886 1123 954 1189 id
999 1133 1095 1189 est
1143 1123 1485 1207 caracalla,
1536 1146 1663 1209 qua
1707 1125 2119 1211 uestiebatur,
2168 1128 2259 1190 in-

117 1213 341 1292 dutus,
398 1213 711 1279 militibus
770 1213 1059 1279 exhibuit
1115 1223 1309 1300 atque
1355 1212 1438 1277 ad
1483 1214 1757 1278 iudicem
1819 1216 2071 1280 uinctus
2116 1237 2268 1302 per--

119 1302 356 1368 ductus
405 1313 518 1368 est.

306 1390 598 1476 Contigit
643 1400 860 1456 autem
905 1390 1184 1456 iudicem
1235 1412 1312 1454 ea
1355 1388 1537 1474 hora,
1588 1413 1717 1476 qua
1761 1389 1844 1456 ad
1882 1414 2029 1456 eum
2061 1390 2265 1456 Alba-

119 1504 242 1546 nus
307 1481 782 1563 adducebatur,
847 1482 976 1545 aris
1039 1478 1356 1544 adsistere
1412 1501 1488 1543 ac
1546 1479 1965 1546 daemonibus
2017 1481 2263 1546 hostias

121 1571 380 1636 offerre.
475 1568 768 1655 Cumque
821 1568 1091 1634 uidisset
1143 1566 1500 1651 Albanum,
1560 1591 1710 1634 mox
1768 1570 1863 1634 ira
1919 1592 2270 1635 succensus

119 1660 357 1744 nimia,
417 1659 587 1745 quod
651 1682 720 1723 se
763 1658 872 1722 ille
917 1659 1084 1723 ultro
1130 1680 1248 1744 pro
1295 1656 1581 1742 hospite,
1630 1680 1821 1745 quem
1869 1668 2257 1746 susceperat,

122 1748 440 1814 militibus
506 1749 736 1812 offerre
807 1770 885 1812 ac
944 1747 1296 1812 discrimini
1365 1743 1519 1810 dare
1592 1751 2107 1833 praesumsisset,
2178 1748 2263 1813 ad

124 1839 475 1902 simulacra
520 1837 926 1920 daemonum,
985 1836 1215 1923 quibus
1262 1833 1641 1920 adsistebat,
1694 1859 1843 1900 eum
1888 1839 2073 1902 iussit
2118 1859 2259 1923 per-

125 1925 336 1993 trahi:
411 1925 600 2005 ‘Quia
665 1925 998 1991 rebellem'
1067 1926 1360 2011 inquiens
1432 1923 1528 1988 ‘ac
1598 1925 1982 2011 sacrilegum
2052 1925 2271 1991 celare

126 2038 326 2102 quam
388 2016 696 2080 militibus
759 2013 1031 2080 reddere
1094 2014 1409 2095 maluisti,
1481 2021 1553 2077 ut
1624 2023 1979 2079 contemtor
2044 2014 2264 2080 diuum

127 2106 437 2171 meritam
496 2104 932 2192 blasphemiae
995 2126 1148 2171 suae
1208 2124 1484 2191 poenam
1538 2102 1774 2188 lueret,
1826 2126 2271 2191 quaecumque

127 2196 220 2259 illi
289 2194 692 2259 debebantur
758 2194 1102 2280 supplicia,
1164 2203 1234 2257 tu
1295 2194 1545 2258 soluere
1602 2191 1827 2277 habeS,
1891 2196 1945 2259 si
2000 2217 2038 2258 a
2086 2195 2268 2258 cultu.

127 2293 395 2349 nostrae
441 2284 768 2368 religionis
816 2283 1144 2348 discedere
1189 2282 1449 2347 tentas.’
1523 2281 1617 2346 At
1664 2292 1920 2348 sanctus
1949 2282 2263 2365 Albanus,

129 2376 242 2459 qui
307 2395 379 2438 se
435 2372 603 2438 ultro
664 2372 1184 2459 persecutoribus
1243 2370 1395 2436 fidei
1444 2368 1880 2436 Christianum
1931 2394 2070 2437 esse
2117 2395 2259 2458 pro-

130 2462 410 2546 diderat,
457 2483 864 2548 nequaquam
909 2464 1118 2527 minas
1148 2462 1458 2548 principis
1489 2462 1747 2545 metuit:
1799 2461 1911 2526 sed
1943 2464 2274 2527 accinctus

129 2552 328 2615 armis
388 2552 656 2618 militiae
711 2550 1042 2637 spiritalis,
1097 2553 1313 2637 palam
1366 2552 1555 2615 iussis
1611 2548 1779 2614 illius
1826 2573 2058 2636 parere
2101 2551 2269 2616 nolle

129 2639 607 2726 pronuntiabat.
702 2638 875 2703 Tum
933 2638 1152 2705 iudex:
1229 2637 1468 2704 ‘Cuius'
1534 2641 1740 2725 inquit
1802 2640 2108 2705 ‘familiae
2163 2640 2268 2704 uel

131 2730 392 2815 generis
442 2752 510 2794 es
525 2728 578 2793 ‘?'
627 2728 918 2794 Albanus
963 2727 1326 2815 respondit:
1378 2727 1570 2807 ‘Quid
1602 2728 1684 2793 ad
1714 2738 1777 2792 te
1810 2731 2107 2815 pertinet,
2142 2752 2281 2816 qua.

133 2821 253 2882 sim
303 2820 507 2905 stirpe
555 2816 853 2903 genitus?
902 2817 1014 2882 sed
1061 2820 1114 2882 si
1161 2819 1501 2882 ueritatem
1544 2818 1873 2902 religionis
1904 2819 2128 2884 audire
2160 2818 2270 2883 de-

135 2908 415 2990 sideras,
466 2905 898 2972 Christianum
956 2908 1084 2972 iam
1143 2929 1248 2971 me
1294 2928 1433 2971 esse
1482 2905 1994 2994 Christianisque
2042 2906 2269 2972 officiis

135 3019 371 3061 uacare
405 2998 766 3082 cognosce.'
839 2996 952 3061 Ait
983 2994 1202 3061 iudex:
1254 2994 1530 3060 ‘Nomen
1574 3004 1756 3060 tuum
1788 3019 2048 3083 quaem,
2100 2996 2272 3083 quod

136 3088 274 3151 sine
339 3108 526 3151 mora
583 3085 740 3150 mihi
797 3086 1090 3151 insinua.'
1195 3084 1284 3149 Et
1343 3085 1481 3150 ille:
1550 3083 1882 3151 ‘Albanus'
1943 3088 2149 3173 inquit
2213 3084 2285 3149 ‘a

135 3177 511 3262 parentibus
553 3196 770 3259 uocor,
818 3185 883 3240 et
914 3174 1106 3241 deum
1138 3196 1368 3238 uerum
1408 3196 1485 3238 ac
1522 3176 1766 3260 uiuum,
1816 3177 1924 3261 qui
1970 3178 2281 3239 uniuersa.

139 3267 402 3350 creauit,
453 3262 646 3330 adoro
694 3287 948 3351 semper
993 3273 1057 3329 et
1103 3264 1285 3329 colo.'
1367 3262 1537 3327 Tum
1582 3263 1778 3328 iudex
1821 3263 2101 3349 repletus
2147 3266 2282 3334 ira-,

140 3353 372 3418 cundia
417 3353 610 3419 dixit:
662 3351 754 3419 ‘Si
799 3356 898 3419 uis
943 3354 1244 3440 perennis
1288 3355 1466 3417 uitae
1496 3352 1803 3417 felicitate
1834 3351 2099 3437 perfrui,
2148 3350 2279 3416 diis.

139 3445 394 3527 magnis
442 3441 806 3508 sacrificare
851 3466 933 3507 ne
981 3441 1281 3509 differas!
1374 3441 1664 3506 Albanus
1710 3441 2070 3527 respondit:
2132 3439 2270 3508 ‘Sa-

142 3532 381 3597 crificia
438 3530 625 3615 haec,
689 3554 855 3618 quae
915 3554 952 3596 a
1009 3532 1190 3596 uobis
1243 3530 1599 3596 redduntur
1652 3529 2103 3613 daemonibus,
2151 3553 2271 3595 nec

143 3620 439 3685 auxiliari
487 3622 791 3686 subiectis
821 3630 1089 3707 possunt
1118 3644 1240 3685 nec
1273 3620 1772 3706 supplicantium
1806 3620 1927 3684 sibi
1960 3617 2286 3685 desideria.

143 3711 247 3775 uel
292 3722 446 3775 uota
485 3710 823 3797 complere.
901 3709 1073 3789 Quin
1117 3712 1334 3794 immo,
1384 3710 1771 3795 quicumque
1817 3708 1917 3773 his
1960 3707 2286 3774 sacrificia.

146 3800 502 3865 simulacris
536 3799 856 3878 obtulerit,
904 3808 1198 3863 aeternas
1245 3799 1481 3864 inferni
1526 3821 1765 3885 poenas
1812 3822 1929 3885 pro
1976 3796 2285 3863 mercede·

145 3890 458 3976 recipiet.'
