2723 4326
411 186 537 250 198
2288 184 2413 237 1111.
2456 185 2544 239 19.

583 359 876 447 Cumque
936 382 1165 447 corpus
1225 383 1448 427 sacrae
1503 362 1774 445 uirginis
1832 383 1910 426 ac
1975 381 2248 454 sponsae
2294 358 2542 425 Christi

405 459 628 536 aperto
661 449 994 538 sepulchro
1027 458 1196 514 esset
1232 450 1555 536 prolatum
1583 453 1649 514 in
1680 452 1910 532 lucem,
1957 450 2049 513 ita
2094 451 2544 536 incorruptum

403 541 735 604 inuentum
769 550 886 623 est,
934 562 1010 604 ac
1043 541 1095 603 si
1128 538 1355 604 eodem
1388 537 1490 604 die
1536 539 1765 604 fuisset
1810 539 2117 604 defuncta
2158 540 2297 602 siue
2340 537 2541 603 humo

405 627 689 712 condita3
761 629 925 692 sicut
973 637 1037 693 et
1080 628 1415 714 praefatus
1469 631 1737 694 antistes
1785 626 2019 693 Vilfrid
2066 637 2132 692 et
2176 626 2363 693 multi
2408 627 2541 712 alii,

404 719 516 804 qui
559 738 818 801 nouere,
865 726 1206 782 testantur.
1271 715 1407 783 Sed
1451 719 1711 792 certiori
1754 718 1983 782 notitia
2027 714 2312 780 medicus
2344 715 2543 804 Cyni-

402 805 557 888 frid,
621 809 730 892 qui
777 814 842 870 et
886 807 1185 871 morienti
1244 807 1336 871 illi
1384 817 1451 871 et
1510 807 1799 872 eleuatae
1858 806 1937 871 de
1997 805 2240 869 tumolo
2301 806 2539 870 adfuit:

404 895 514 981 qui
557 896 802 960 referre
850 905 989 960 erat
1035 895 1285 978 solitus,
1352 894 1522 982 quod
1568 895 1678 960 illa
1724 893 2047 960 infirmata
2093 894 2395 959 habuerit
2440 903 2540 958 tu·

402 1006 650 1049 morem
695 986 1048 1049 maximum
1093 984 1210 1048 sub
1256 985 1537 1049 maxilla.
1625 983 2111 1069 ‘Iusseruntque
2156 983 2283 1047 me'
2328 985 2545 1070 inquit

404 1072 709 1138 ‘incidere
752 1082 1071 1158 tumorem
1115 1073 1322 1157 illum,
1392 1084 1466 1138 ut
1530 1072 1823 1139 efflueret
1868 1075 2098 1138 noxius
2144 1094 2355 1155 umor,
2430 1074 2545 1159 qui

402 1163 640 1227 inerat:
713 1160 884 1248 quod
952 1161 1101 1226 dum
1166 1162 1477 1245 facerem,
1543 1161 1884 1226 uidebatur
1926 1161 2034 1225 illa
2094 1183 2211 1248 per
2271 1159 2545 1226 biduum

403 1250 732 1337 aliquanto
768 1251 973 1316 leuius
1021 1249 1287 1334 habere3
1334 1253 1429 1316 ita
1460 1260 1530 1314 ut
1560 1251 1743 1314 multi
1774 1259 2093 1337 putarent,
2142 1251 2293 1337 quia
2325 1253 2543 1314 sanari

402 1349 624 1427 posset
659 1362 698 1403 a
726 1338 1056 1425 languore.
1125 1339 1351 1404 Tertia
1396 1349 1614 1405 autem
1662 1337 1765 1404 die
1859 1339 2130 1405 rioribus
2175 1337 2545 1423 adgrauata

404 1427 748 1511 doloribu5,
798 1439 862 1493 et
907 1438 1095 1515 rapta
1139 1429 1476 1493 confestim
1521 1427 1600 1493 de
1647 1363 1904 1512 mundb,
1951 1427 2239 1493 dolorem
2278 1450 2541 1492 omnem

403 1540 480 1582 ac
539 1527 812 1582 mortem
869 1527 1184 1604 perpetua
1253 1519 1457 1582 salute
1518 1538 1595 1582 ac
1652 1519 1789 1582 uita
1854 1518 2150 1582 mutauit.
2243 1513 2544 1604 Cumque

402 1614 550 1693 post
595 1615 692 1671 tot
739 1627 936 1672 annos
983 1605 1296 1671 eleuanda
1342 1616 1557 1673 essent
1602 1628 1745 1671 ossa
1791 1605 1871 1671 de
1916 1605 2270 1692 sepulchre,
2320 1615 2387 1670 et
2426 1627 2538 1670 ex-

403 1705 582 1760 tento
630 1693 904 1782 desuper
947 1694 1289 1782 papilione,
1338 1698 1544 1761 omnis
1592 1697 2032 1780 congregatio,
2079 1693 2230 1758 hinc
2260 1694 2542 1758 fratrum

401 1783 551 1849 inde
587 1806 899 1866 sororum,
946 1784 1223 1871 psallens
1267 1786 1739 1868 circumstaret3
1788 1785 1929 1871 ipsa
1960 1793 2180 1848 autem
2209 1783 2544 1848 abbatissa

402 1875 574 1937 intus
633 1896 778 1938 cum
832 1875 1055 1961 paucis
1109 1896 1251 1938 ossa
1305 1874 1553 1939 elatura
1597 1883 1662 1938 et
1706 1872 1989 1938 dilutura
2038 1874 2369 1956 intrasset,
2438 1894 2539 1936 re-

403 1970 596 2048 pente
643 1960 1001 2027 audiuimus
1047 1962 1441 2027 abbatissam
1472 1965 1644 2027 intus
1675 1984 1835 2026 uoce
1880 1963 2053 2026 clara
2099 1961 2537 2046 proclamare:

407 2047 550 2136 „Sit
595 2050 800 2134 gloria
843 2053 1084 2116 nomini
1130 2049 1434 2116 domini“.
1498 2049 1641 2115 Nec
1669 2051 1869 2115 multo
1901 2061 2046 2136 post
2092 2049 2540 2114 clamauerunt

403 2162 538 2218 me,
583 2141 756 2205 intus
802 2150 1090 2206 reserato
1138 2142 1299 2206 ostio
1345 2140 1714 2228 papilionis:
1780 2137 2038 2226 uidique
2084 2139 2411 2205 eleuatum
2457 2135 2539 2203 de

402 2229 650 2294 tumulo
699 2240 761 2294 et
807 2232 1088 2317 positum
1132 2232 1197 2293 in
1243 2230 1481 2295 lectulo
1541 2252 1649 2293 cor
1697 2252 1771 2293 us
1830 2251 2049 2293 sacrae
2097 2228 2215 2293 deo
2261 2230 2540 2312 uirginis

402 2319 586 2403 quasi
633 2316 1007 2383 dormientis
1053 2319 1277 2384 simile.
1342 2317 1475 2384 Sed
1506 2328 1603 2383 est
1692 2320 2049 2404 iscooperto
2096 2317 2310 2381 uultus
2350 2315 2539 2381 indu-

399 2416 636 2489 ment0,
687 2416 1209 2473 monstrauerunt
1256 2406 1413 2471 mihi
1460 2409 1654 2472 etiam
1700 2407 1931 2471 uulnus
1975 2408 2315 2491 incisurae,
2364 2404 2542 2491 quod

399 2496 700 2580 feceram,
749 2506 1068 2579 curatum3
1116 2498 1209 2561 ita
1237 2507 1309 2561 ut
1341 2498 1574 2561 mirum
1620 2498 1687 2560 in
1732 2495 1995 2560 modum
2040 2517 2157 2581 pro
2204 2505 2435 2581 aperto
2476 2504 2542 2559 et

399 2583 621 2650 hiante
679 2584 974 2668 uulnere,
1043 2608 1189 2649 cum
1237 2608 1363 2671 quo
1410 2585 1661 2672 sepulta
1719 2594 1887 2667 erat,
1948 2586 2324 2649 tenuissima
2381 2594 2543 2648 tunc

401 2675 720 2739 cicatricis
781 2674 1062 2758 uestigia
1126 2683 1450 2762 parerent.
1545 2671 1678 2739 Sed
1723 2682 1787 2738 et
1851 2674 2230 2737 linteamina
2298 2674 2539 2757 omnia,

402 2764 633 2847 quibus
678 2763 1034 2829 inuolutum
1061 2773 1199 2827 erat
1246 2785 1495 2849 corpus,
1545 2766 1802 2845 integra
1843 2770 2300 2849 apparuerunt,
2352 2771 2418 2826 et
2448 2763 2545 2826 ita

401 2870 597 2934 noua,
657 2860 730 2915 ut
784 2854 924 2938 ipso
986 2850 1089 2917 die
1151 2852 1523 2917 uiderentur
1582 2853 1775 2916 castis
1836 2852 1969 2915 eius
2028 2850 2337 2915 membris
2398 2872 2543 2915 esse

402 2936 839 3005 circumdata!
927 2941 1176 3005 Ferunt
1219 2949 1465 3024 autem,
1516 2942 1695 3025 quia,
1752 2960 1898 3003 cum
1944 2941 2237 3026 praefato
2282 2947 2541 3004 tumore

402 3050 478 3091 ac
511 3025 732 3093 dolore
762 3029 1064 3094 maxillae
1097 3030 1232 3094 siue
1265 3029 1409 3093 colli
1438 3037 1862 3116 premeretur,
1909 3028 2186 3093 multum
2217 3026 2541 3093 delectata

401 3118 484 3182 sit
514 3116 637 3181 hoc
667 3137 904 3201 genere
934 3116 1324 3182 infirmitatis
1355 3140 1433 3181 ac
1464 3117 1649 3182 solita
1682 3115 1920 3182 dicere:
1958 3116 2130 3185 ‘Scio
2155 3118 2539 3200 certissime,

400 3208 552 3291 quia
594 3208 826 3271 merito
871 3209 938 3270 in
985 3206 1146 3271 collo
1200 3205 1450 3293 pondus
1504 3206 1833 3291 languoris
1888 3215 2101 3292 porto,
2155 3208 2226 3269 in
2271 3228 2399 3291 quo
2448 3207 2541 3271 iu-

398 3295 740 3360 uenculam
785 3316 890 3359 me
936 3296 1200 3360 memini
1247 3316 1648 3381 superuacua
1692 3295 2026 3359 monilium
2071 3293 2362 3381 pondera
2394 3317 2541 3381 por-

399 3393 570 3448 tare:
621 3394 688 3449 et
727 3382 936 3468 credo,
986 3385 1157 3470 quod
1202 3382 1347 3449 ideo
1394 3406 1499 3447 me
1546 3405 1823 3470 superna
1865 3385 2073 3469 pietas
2122 3381 2345 3447 dolore
2392 3383 2544 3448 colli

399 3472 604 3540 uoluit
633 3475 913 3557 grauari,
961 3484 1032 3537 ut
1063 3475 1154 3537 sic
1184 3471 1484 3537 absoluar
1513 3482 1699 3538 reatu
1740 3494 2176 3559 superuacuae
2219 3471 2539 3555 leuitatis3

401 3559 554 3627 dum
609 3560 767 3626 mihi
820 3584 989 3627 nunc
1050 3584 1167 3650 pro
1229 3583 1383 3625 auro
1440 3570 1507 3627 et
1560 3561 1931 3645 margaritis
1987 3560 2067 3625 de
2122 3561 2285 3625 collo
2341 3561 2542 3625 rubor

399 3652 670 3715 tumoris
724 3651 1042 3736 ardorque
1096 3652 1501 3737 promineat'.
1597 3649 1886 3735 Contigit
1938 3659 2155 3714 autem
2208 3657 2391 3713 tactu
2449 3651 2541 3714 in·

403 3735 852 3804 dumentorum
902 3738 1247 3805 eorundem
1293 3748 1358 3805 et
1406 3738 1741 3804 daemonia
1786 3739 1868 3803 ab
1914 3739 2191 3803 obsessis
2252 3736 2543 3822 effugata

404 3828 778 3912 corporibus
811 3838 874 3892 et
905 3826 1306 3893 infirmitates
1337 3827 1496 3893 alias
1528 3828 1867 3914 aliquoties
1899 3849 2037 3893 esse
2069 3836 2343 3893 curatas.
2409 3824 2542 3893 Sed
