2723 4326
158 214 227 266 V.
269 214 356 268 21.
400 233 406 238 ·
2165 209 2292 272 273

163 388 296 453 diei
356 396 623 475 quartae
684 387 1001 470 decimae,
1064 394 1439 473 expectetur
1499 388 1692 451 etiam
1757 386 1891 451 dies
1957 384 2292 467 dominica,

163 502 205 543 a
253 480 479 563 quinta
526 475 775 541 decima
819 498 1022 561 usque
1066 475 1151 540 ad
1195 477 1567 540 uicesimam
1614 476 1889 562 primam
1935 475 2105 540 diem
2138 477 2296 539 eius-

166 568 321 632 dem
367 568 624 630 mensis,
711 564 792 629 In
838 587 1240 650 quacumque
1286 566 1457 630 enim
1501 563 1732 629 harum
1775 566 2036 629 inuenta
2081 563 2296 647 fuerit,

163 657 399 721 merito
446 656 515 718 in
561 677 637 719 ea
681 654 920 739 pascha
966 652 1423 719 celebrabitur:
1473 654 1622 739 quia
1665 654 1967 718 nimirum
2014 653 2172 717 haec
2217 652 2300 715 ad

163 766 508 809 numerum
554 745 833 829 pertinet
878 742 1132 808 illarum
1178 752 1430 829 septem
1476 743 1742 827 dierum,
1792 741 2021 828 quibus
2067 764 2298 826 azyma

167 833 485 899 celebrari
531 832 806 897 iubetur.
870 830 1102 917 Itaque
1131 831 1225 915 fit,
1274 841 1347 895 ut
1375 853 1702 918 nunquam
1739 830 1980 917 pascha
2008 840 2298 895 nostrum

168 946 208 988 a
255 923 615 1009 septimana
667 922 903 985 mensis
948 922 1141 1007 primi
1182 922 1375 985 tertia
1417 922 1485 985 in
1529 922 1842 985 utramuis
1895 930 2146 1006 partem
2193 918 2299 984 (10-

170 1013 392 1076 clinet:
442 1009 554 1074 sed
593 1009 699 1073 uel
727 1018 933 1074 totam
965 1032 1127 1092 eam,
1173 1010 1239 1074 id
1287 1020 1386 1075 est
1432 1031 1648 1075 omnes
1696 1020 1948 1097 septem
1992 1010 2298 1094 legalium

173 1121 553 1187 azymorum
613 1097 780 1180 dies,
842 1098 946 1163 uel
993 1108 1166 1165 certe
1212 1098 1457 1185 aliquos
1504 1098 1582 1163 de
1627 1098 1753 1164 illis
1800 1107 2034 1164 teneat.
2129 1097 2298 1162 Nam

172 1192 296 1253 etsi
352 1189 581 1253 saltem
639 1210 837 1251 unum
885 1209 967 1252 ex
1013 1189 1130 1273 eis,
1191 1187 1313 1254 hoc
1373 1197 1472 1253 est
1531 1190 1743 1275 ipsum
1803 1189 2146 1274 septimum
2191 1210 2298 1273 ap·

172 1276 613 1365 prehenderit,
682 1299 871 1363 quem
920 1286 1057 1341 tam
1105 1277 1492 1343 excellenter
1536 1280 1854 1364 scriptura
1899 1276 2303 1341 commendat

172 1366 408 1453 (Leuit.
458 1368 564 1451 23,
614 1366 709 1449 8)·
785 1364 960 1431 ‘Dies
1019 1371 1257 1431 autem’
1303 1368 1596 1453 inquiens
1662 1368 1990 1454 ‘septimus
2037 1367 2159 1430 erit
2204 1389 2302 1431 ee-

175 1456 414 1520 lebrior
470 1465 536 1519 et
593 1456 899 1540 sanctior,
963 1455 1334 1541 nullumque
1394 1456 1626 1521 seruile
1691 1478 1849 1543 opus
1906 1455 2020 1519 fiet
2064 1458 2128 1519 in
2176 1456 2302 1537 eo'3

174 1544 387 1609 nullus
446 1565 720 1628 arguere
763 1566 880 1608 1100
939 1546 1201 1631 poterit,
1262 1545 1436 1632 quod
1494 1567 1622 1609 non
1681 1555 1855 1609 recte
1913 1544 2302 1609 (101111111011111

176 1632 454 1719 paschae
513 1631 712 1715 diem,
779 1654 973 1719 quem
1021 1631 1101 1698 de
1147 1634 1485 1718 01101130110
1545 1635 1969 1719 suscepimus,
2032 1635 2097 1696 in
2143 1635 2302 1718 ipsa,

178 1744 373 1809 quam
417 1722 524 1785 lex
569 1723 822 1805 statuit,
883 1724 1077 1787 tertia
1134 1724 1327 1808 primi
1387 1724 1624 1787 mensis
1684 1719 2086 1787 hebdomada
2145 1720 2306 1786 cele-

176 1810 475 1875 bremus.'

358 1898 577 1964 ‘Cuius
625 1898 1071 1965 obseruantiae
1095 1898 1411 1965 catholica
1455 1902 1702 1965 ratione
1733 1899 2079 1986 patefacta,
2127 1909 2306 1985 patet

182 2011 217 2053 e
264 1990 582 2052 contrario
632 2010 811 2053 error
868 1990 1332 2055 inrationabilis
1394 2012 1641 2073 eorum,
1705 1990 1814 2075 qui
1875 1988 2195 2075 praefixos
2240 1990 2306 2052 in

178 2079 325 2162 lege
368 2078 709 2161 terminos,
771 2078 945 2143 nulla
992 2087 1265 2163 cogente
1311 2080 1723 2162 necessitate,
1791 2078 1896 2141 uel
1952 2079 2306 2165 anticipare

178 2168 285 2232 uel
337 2165 785 2232 transcendere
840 2178 1274 2272 praesumunt.
1368 2167 1667 2254 Namque
1723 2169 1858 2232 sine
1903 2169 2150 2232 ratione
2196 2188 2302 2232 ne-

181 2258 497 2322 cessitatis
543 2256 811 2322 alicuius
856 2259 1213 2344 anticipant
1256 2258 1349 2322 illi
1394 2267 1651 2344 tempus
1699 2259 1764 2321 in
1809 2256 1954 2340 lege
1999 2258 2308 2343 praescri-

178 2359 394 2448 ptum,
467 2347 574 2431 qui
639 2345 1029 2411 dominicum
1094 2347 1374 2450 paschae
1439 2346 1609 2412 diem
1667 2369 1709 2412 a
1767 2355 1995 2432 quarta
2063 2343 2309 2409 decima

182 2435 420 2498 mensis
465 2435 657 2520 primi
687 2456 890 2522 1100110
919 2434 1001 2502 ad
1046 2438 1421 2501 uicesimam
1463 2445 1693 2523 putant
1737 2435 1955 2500 lunam
2003 2457 2142 2499 esse
2179 2456 2306 2498 ser-

181 2523 485 2589 uandum.
581 2521 745 2587 Cum
792 2526 961 2589 enim
1006 2547 1045 2588 a
1089 2547 1367 2612 110οΡ010
1419 2525 1549 2590 diei
1600 2526 1832 2590 tertiae
1886 2523 2174 2589 decimae
2217 2525 2309 2586 ui-

186 2613 373 2717 311100
405 2622 664 2677 00110100
693 2615 901 2678 1100110
933 2612 1258 2678 celebrare
1288 2614 1621 2700 incipiunt,
1662 2613 1890 2718 claret,
1938 2611 2107 2698 quod
2136 2613 2310 2677 illam

186 2707 255 2766 in
288 2699 551 2766 exordio
584 2703 679 2765 sui
708 2701 988 2788 paschae
1018 2701 1186 2768 diem
1217 2711 1527 2787 statuunt,
1577 2705 1756 2767 euius
1785 2701 2024 2767 nullam
2057 2703 2312 2766 omnino

187 2793 579 2855 mentionem
624 2792 689 2854 in
735 2789 993 2857 decreto
1038 2792 1204 2877 10310
1249 2793 1600 2856 inueniunt.
1685 2791 1772 2855 Et
1818 2812 1962 2857 cum
2007 2791 2314 2856 uicesima

186 2882 397 2967 prima
442 2879 548 2944 (110
585 2883 820 2945 mensis
866 2880 1106 2967 pascha
1152 2880 1544 2946 dominicum
1590 2880 1918 2946 celebrare
1963 2880 2313 2965 refugiunt,

186 2977 369 3057 patet
414 2968 725 3054 profecto,
777 2969 947 3056 quod
978 2969 1155 3035 illam
1186 2992 1304 3057 per
1335 2972 1550 3035 omnia
1579 2968 1749 3034 diem
1780 2993 1818 3033 a
1850 2991 1965 3034 sua
1997 2968 2312 3034 sollemni·

188 3067 325 3124 tate
371 3066 738 3143 secernunt,
809 3080 1002 3144 quam
1047 3060 1153 3124 lex
1200 3061 1443 3125 maiore
1487 3081 1643 3144 prae
1690 3060 1922 3124 ceteris
1968 3057 2316 3122 festiuitate

187 3146 674 3212 memorabilem
720 3169 1181 3233 saepenumero
1241 3147 1669 3213 commendat:
1729 3149 1948 3234 sicque
1994 3145 2165 3211 diem
2211 3169 2317 3230 pa-

188 3237 385 3301 schae
417 3233 639 3299 ordine
670 3258 997 3321 peruerso,
1047 3247 1111 3302 et
1140 3236 1531 3324 aliquando'
1513 3259 1581 3300 m
1612 3235 1892 3301 secunda
1921 3233 2321 3300 hebdomada

188 3336 395 3391 totam
441 3325 821 3411 compleant,
869 3335 935 3391 et
978 3347 1328 3412 numquam
1374 3328 1444 3391 in
1485 3323 1928 3391 hebdomadae
1957 3326 2186 3388 tertiae
2216 3323 2320 3388 die

190 3417 470 3502 septimo
500 3423 768 3500 ponant3
807 3436 1208 3502 rursumque,
1244 3416 1355 3500 qui
1385 3437 1425 3478 a
1455 3424 1638 3479 sexta
1666 3412 1918 3480 decima
1948 3411 2051 3477 die
2079 3414 2318 3476 mensis

190 3503 547 3590 saepedicti
598 3525 803 3606 usque
854 3503 938 3568 ad
989 3506 1364 3569 uicesimam
1432 3501 1778 3568 secundam
1853 3501 2093 3606 pascha
2155 3502 2318 3565 cele·

196 3591 512 3657 brandum
576 3593 785 3676 magis
852 3602 1215 3678 autumant,
1292 3615 1421 3657 non
1489 3595 1736 3656 minore
1802 3593 2025 3676 utique
2087 3612 2320 3673 errore,

192 3684 455 3746 tametsi
512 3681 717 3745 altero
774 3681 974 3747 latere
1021 3704 1059 3745 a
1104 3691 1282 3746 recto
1328 3683 1622 3746 ueritatis
1680 3682 1941 3745 tramite
2000 3678 2324 3743 diuertunt

198 3781 262 3834 et
306 3772 511 3835 ueluti
554 3770 896 3854 naufragia
941 3769 1199 3855 Scyllae
1251 3769 1575 3856 fugientes
1619 3773 1688 3834 in
1735 3768 2098 3856 Charybdis
2141 3791 2323 3834 uora-

198 3863 411 3943 ginem
474 3857 933 3945 submergendi
992 3858 1313 3926 decidunt.
1407 3859 1581 3925 Nam
1642 3883 1788 3924 cum
1847 3883 1887 3925 a
1939 3859 2091 3923 luna
2149 3868 2327 3923 sexta

299 3985 480 4026 saeuae
506 3984 615 4025 hist.
641 3984 757 4025 0001.
1945 3965 2010 4021 18
