2723 4326
123 216 201 267 ΙΙ.
247 216 297 271 8.
1051 218 1056 223 ⁴
2195 221 2278 286 77

1177 451 1238 514 8.

121 607 210 663 Vt
240 606 606 663 Bonifatius
629 621 788 675 papa
811 605 988 662 Iusto
1027 605 1376 749 successptri
1403 605 1538 663 eius
1564 605 1826 676 pallium
1853 607 1919 663 et
1944 607 2278 677 epistulam

1081 710 1140 750 m
1170 708 1274 750 ser
1334 729 1353 749 .

318 838 440 905 Cui
487 841 705 903 statim
753 841 1061 904 successit
1103 840 1172 902 in
1215 839 1665 925 pontificatum
1710 837 1946 920 Iustus,
1997 842 2107 926 qui
2140 850 2281 907 erat

120 927 480 994 Hrofensis
539 929 850 993 ecclesiae
911 929 1268 1016 episcopus.
1364 927 1469 992 mi
1524 936 1743 994 autem
1800 929 2111 995 ecclesiae
2154 930 2281 995 Ro-

121 1038 402 1083 manum
431 1038 551 1104 pro
583 1039 653 1080 se
698 1019 1101 1082 consecrauit
1147 1018 1542 1104 episcopum,
1591 1016 1744 1083 data
1773 1017 1897 1082 sibi
1943 1017 2281 1084 ordinandi

123 1108 474 1194 episcopos
521 1107 906 1172 auctoritate
951 1128 992 1170 a
1035 1104 1342 1193 pontifice
1386 1105 1742 1193 Bonifatio,
1793 1127 1988 1193 quem
2034 1129 2281 1174 succes-

124 1217 352 1262 sorem
396 1194 596 1260 fuisse
637 1193 1002 1261 Deusdedit
1047 1213 1243 1282 supra
1287 1196 1724 1280 meminimus3
1787 1197 1965 1262 cuius
1999 1199 2276 1263 auctori-

121 1287 290 1350 tatis
339 1285 465 1348 ista
511 1293 606 1349 est
652 1284 889 1348 forma:

225 1372 692 1438 ‘Dilectissimo
737 1373 926 1438 fratri
955 1371 1134 1438 Iusto
1179 1372 1567 1438 Bonifatius.

317 1460 528 1540 Quam
593 1462 826 1528 deuote
874 1483 1195 1549 quamque
1241 1464 1439 1527 etiam
1484 1462 1831 1546 uigilanter
1875 1485 1992 1549 pro
2039 1461 2280 1530 Christi

126 1552 478 1636 euangelio
525 1552 958 1616 elaborauerit
1001 1560 1220 1616 uestra
1263 1551 1667 1635 fraternitas,
1716 1573 1846 1616 non
1890 1551 2098 1617 solum
2145 1555 2276 1640 epi-

124 1641 348 1706 stulae
378 1663 419 1706 a
448 1641 634 1705 uobis
669 1638 954 1706 directae
985 1648 1190 1725 tenor,
1237 1641 1436 1706 immo
1482 1639 1732 1706 indulta
1777 1639 2053 1728 desuper
2098 1645 2280 1729 operi

124 1738 356 1797 uestro
414 1731 728 1815 perfectio
785 1729 1113 1797 indicauit.
1205 1728 1350 1794 Nec
1411 1729 1583 1794 enim
1646 1731 2051 1815 omnipotens
2120 1731 2279 1796 deus

125 1827 244 1885 aut
297 1818 397 1883 sui
440 1820 716 1884 nominis
773 1826 1252 1884 sacramentum
1311 1827 1425 1883 aut
1470 1819 1671 1883 uestri
1714 1819 1998 1883 fructum
2039 1819 2279 1884 laboris

128 1908 454 1986 deseruit,
512 1908 666 1972 dum
709 1909 849 1994 ipse
895 1905 1448 1994 praedicatoribus
1495 1907 1815 1992 euangelii
1860 1906 2135 1973 fideliter
2180 1931 2279 1974 re-

124 1997 434 2084 promisit
479 1993 600 2082 (σοι.
648 1996 874 2062 Matth.
925 1998 1030 2081 28,
1079 1993 1223 2083 20):
1295 1995 1510 2084 „Ecce
1571 2017 1694 2082 ego
1753 1995 2089 2062 uobiscum
2136 2020 2279 2063 sum

127 2086 430 2156 omnibus
462 2083 685 2151 diebus
715 2107 920 2173 usque
949 2084 1031 2149 ad
1063 2085 1682 2152 consummationem
1716 2081 2015 2150 saeculi.“
2089 2084 2281 2165 Quod

129 2176 501 2263 specialiter
559 2177 846 2241 iniuncto
905 2175 1090 2241 uobis
1149 2175 1506 2241 ministerio
1518 2225 1536 2259 ,
1602 2176 1739 2240 eius
1785 2174 2130 2241 clementia
2173 2175 2279 2242 de-

129 2266 543 2350 monstrauit,
591 2266 887 2352 aperiens
913 2265 1110 2330 corda
1147 2266 1439 2349 gentium
1470 2262 1556 2329 ad
1586 2263 2063 2351 suscipiendum
2092 2287 2277 2350 prae·
2342 2338 2351 2345 ,

130 2353 477 2419 dicationis
551 2364 806 2419 uestrae
883 2354 1210 2439 singulare
1283 2354 1685 2439 mysterium.
1789 2352 2035 2438 Magno
2107 2357 2281 2419 enim

129 2444 425 2529 praemio
469 2442 876 2529 fastigiorum
917 2452 1284 2509 uestrorum
1328 2442 1773 2508 delectabilem
1819 2464 2077 2508 cursum
2099 2443 2279 2509 boni-

130 2534 286 2597 tatis
352 2553 508 2598 suae
576 2534 900 2617 suffragiis
960 2532 1310 2597 illustrauit
1325 2583 1343 2616 ‚
1421 2529 1577 2597 dum
1641 2531 2029 2598 creditorum
2090 2532 2278 2598 uobis

131 2621 528 2687 talentorum
574 2620 982 2687 fidelissimae
1026 2622 1489 2707 negotiationis
1550 2618 1779 2686 officiis
1832 2620 2101 2687 uberem
2146 2621 2279 2687 fru-

133 2719 314 2775 ctum
360 2709 737 2798 impendens
775 2712 862 2793 ei,
934 2710 1106 2797 quod
1175 2713 1433 2797 signare
1497 2711 1771 2796 possetis
1834 2708 2276 2797 multiplicatis

132 2799 696 2884 generationibus,
766 2800 1198 2887 praeparauit.
1301 2799 1580 2885 Hocque
1646 2800 1847 2864 etiam
1912 2800 2025 2864 illa
2091 2800 2277 2865 uobis

131 2888 587 2975 repensatione
631 2888 932 2953 collatum
965 2896 1082 2973 est,
1131 2909 1258 2974 qua
1303 2890 1587 2953 iniuncto
1635 2888 1993 2955 ministerio
2036 2890 2279 2975 iugiter

134 2978 556 3062 persistentes
609 2975 921 3044 laudabili
974 2978 1294 3064 patientia
1335 2975 1805 3043 redemtionem
1850 2979 2064 3064 gentis
2110 2979 2277 3043 illius

138 3067 592 3154 exspectastis,
648 3074 714 3131 et
755 3066 990 3131 uestris
1033 3074 1106 3129 ut
1150 3062 1534 3153 proficerent
1577 3068 1854 3149 meritis,
1912 3089 2135 3131 eorum
2181 3077 2279 3132 est

137 3154 409 3220 saluatio
474 3156 840 3242 propinata,
911 3154 1167 3220 dicente
1232 3154 1489 3220 domino
1558 3153 1680 3240 (eu.
1736 3154 1962 3220 Matth.
2014 3158 2117 3238 10,
2166 3158 2274 3224 22.

14 3250 16 3253 ’
138 3245 243 3327 24,
297 3244 437 3326 13):
480 3241 649 3331 „Qui
693 3244 1208 3331 perseuerauerit
1250 3266 1457 3330 usque
1501 3246 1570 3309 in
1612 3244 1836 3329 finem,
1897 3244 2001 3309 hic
2060 3244 2276 3309 saluus

139 3328 321 3401 erit.“
386 3330 636 3399 Saluati
682 3354 840 3417 ergo
885 3333 1036 3399 estis
1083 3355 1196 3420 spe
1240 3334 1590 3420 patientiae
1638 3342 1705 3399 et
1748 3333 2127 3399 tolerantiae
2149 3335 2277 3398 uir-

139 3428 304 3508 tute,
360 3430 434 3487 ut
475 3419 828 3487 infidelium
874 3421 1070 3487 corda
1111 3422 1392 3488 naturali
1436 3444 1513 3488 ac
1558 3422 1999 3501 superstitioso
2046 3423 2276 3488 morbo

139 3519 434 3596 purgata,
475 3512 573 3575 sui
604 3519 1148 3597 consequerentur
1169 3510 1677 3577 misericordiam
1701 3509 2057 3576 saluatoris.
2122 3508 2275 3577 Sus-

141 3600 341 3686 ceptis
398 3622 678 3686 namque
748 3600 1037 3687 apicibus
1092 3598 1208 3665 filii
1249 3602 1457 3665 nostri
1501 3598 1852 3666 Adulualdi
1908 3602 2113 3687 regis,
2175 3623 2274 3667 re-

141 3690 438 3774 perimus,
487 3697 729 3776 quanta
774 3691 943 3755 sacri
989 3689 1227 3775 eloquii
1273 3690 1629 3755 eruditione
1675 3691 1813 3755 eius
1858 3692 2146 3756 animum
2191 3689 2275 3756 ad

141 3798 331 3843 uerae
395 3780 827 3845 conuersionis
874 3787 940 3844 et
982 3775 1385 3844 indubitatae
1443 3776 1595 3844 fidei
1654 3779 2098 3845 credulitatem
2142 3780 2270 3846 fra-

16 3954 18 3957 *
143 3867 408 3933 ternitas
453 3875 674 3933 uestra
732 3868 1128 3955 perduxerit.
1221 3866 1368 3946 Qua
1415 3890 1498 3933 ex
1541 3892 1616 3945 re
1661 3867 1739 3935 de
1783 3870 2273 3954 longanimitate
