<?xml version="1.0" encoding="UTF-8"?>
<!DOCTYPE html PUBLIC "-//W3C//DTD XHTML 1.0 Transitional//EN"
    "http://www.w3.org/TR/xhtml1/DTD/xhtml1-transitional.dtd">
<html xmlns="http://www.w3.org/1999/xhtml" xml:lang="en" lang="en">
 <head>
  <title>
</title>
<meta http-equiv="Content-Type" content="text/html;charset=utf-8" />
  <meta name='ocr-system' content='tesseract 3.04.00' />
  <meta name='ocr-capabilities' content='ocr_page ocr_carea ocr_par ocr_line ocrx_word'/>
</head>
<body>
  <div class='ocr_page' id='page_1' title='image "./historiaecclesi00venegoog_0179.png"; bbox 0 0 2723 4326; ppageno 0'>
   <div class='ocr_carea' id='block_1_1' title="bbox 247 159 2393 226">
    <p class='ocr_par' dir='ltr' id='par_1_1' title="bbox 247 159 2393 226">
     <span class='ocr_line' id='line_1_1' title="bbox 247 159 2393 226; baseline 0.007 -15"><span class='ocrx_word' id='word_1_1' title='bbox 247 159 383 212; x_wconf 88' lang='lat'>1111.</span> <span class='ocrx_word' id='word_1_2' title='bbox 422 160 576 215; x_wconf 83' lang='lat'><strong>2—3.</strong></span> <span class='ocrx_word' id='word_1_3' title='bbox 2267 161 2393 226; x_wconf 87' lang='lat'><strong>167</strong></span> 
     </span>
    </p>
   </div>
   <div class='ocr_carea' id='block_1_2' title="bbox 252 335 2397 1403">
    <p class='ocr_par' dir='ltr' id='par_1_2' title="bbox 252 335 2397 1403">
     <span class='ocr_line' id='line_1_2' title="bbox 254 335 2395 423; baseline 0 -22"><span class='ocrx_word' id='word_1_4' title='bbox 254 336 441 401; x_wconf 82' lang='lat' dir='ltr'><strong>dedit</strong></span> <span class='ocrx_word' id='word_1_5' title='bbox 483 336 969 402; x_wconf 89' lang='lat' dir='ltr'><strong>Doruuernensi</strong></span> <span class='ocrx_word' id='word_1_6' title='bbox 1025 335 1331 401; x_wconf 89' lang='lat' dir='ltr'><strong>eeclesiae</strong></span> <span class='ocrx_word' id='word_1_7' title='bbox 1390 338 1727 423; x_wconf 87' lang='lat' dir='ltr'><strong>episcopus</strong></span> <span class='ocrx_word' id='word_1_8' title='bbox 1785 336 2241 422; x_wconf 73' lang='lat' dir='ltr'><strong>quaerebatur,</strong></span> <span class='ocrx_word' id='word_1_9' title='bbox 2298 360 2395 403; x_wconf 89' lang='lat' dir='ltr'><strong>or-</strong></span> 
     </span>
     <span class='ocr_line' id='line_1_3' title="bbox 254 422 2397 512; baseline 0.001 -23"><span class='ocrx_word' id='word_1_10' title='bbox 254 424 625 509; x_wconf 85' lang='lat' dir='ltr'><strong>dinabatur,</strong></span> <span class='ocrx_word' id='word_1_11' title='bbox 659 425 1057 509; x_wconf 80' lang='lat' dir='ltr'><strong>mittebatur,</strong></span> <span class='ocrx_word' id='word_1_12' title='bbox 1092 422 1329 490; x_wconf 87' lang='lat' dir='ltr'><strong>Vilfrid</strong></span> <span class='ocrx_word' id='word_1_13' title='bbox 1364 447 1616 512; x_wconf 89' lang='lat' dir='ltr'><strong>quoque</strong></span> <span class='ocrx_word' id='word_1_14' title='bbox 1647 425 1728 490; x_wconf 90' lang='lat' dir='ltr'><strong>de</strong></span> <span class='ocrx_word' id='word_1_15' title='bbox 1759 424 2081 491; x_wconf 86' lang='lat' dir='ltr'><strong>Brittania</strong></span> <span class='ocrx_word' id='word_1_16' title='bbox 2113 423 2397 491; x_wconf 84' lang='lat' dir='ltr'><strong>Galliam</strong></span> 
     </span>
     <span class='ocr_line' id='line_1_4' title="bbox 252 512 2395 601; baseline -0.001 -20"><span class='ocrx_word' id='word_1_17' title='bbox 252 514 655 581; x_wconf 89' lang='lat' dir='ltr'><strong>ordinandus</strong></span> <span class='ocrx_word' id='word_1_18' title='bbox 688 523 785 579; x_wconf 88' lang='lat' dir='ltr'><strong>est</strong></span> <span class='ocrx_word' id='word_1_19' title='bbox 816 514 1075 579; x_wconf 88' lang='lat' dir='ltr'><strong>missus:</strong></span> <span class='ocrx_word' id='word_1_20' title='bbox 1125 523 1192 579; x_wconf 89' lang='lat' dir='ltr'><strong>et</strong></span> <span class='ocrx_word' id='word_1_21' title='bbox 1223 516 1528 600; x_wconf 90' lang='lat' dir='ltr'><strong>quoniam</strong></span> <span class='ocrx_word' id='word_1_22' title='bbox 1559 524 1708 580; x_wconf 84' lang='lat' dir='ltr'><strong>ante</strong></span> <span class='ocrx_word' id='word_1_23' title='bbox 1742 512 2153 580; x_wconf 87' lang='lat' dir='ltr'><strong>Theodorum</strong></span> <span class='ocrx_word' id='word_1_24' title='bbox 2183 515 2395 601; x_wconf 87' lang='lat' dir='ltr'><strong>rediit,</strong></span> 
     </span>
     <span class='ocr_line' id='line_1_5' title="bbox 255 600 2395 692; baseline -0.001 -22"><span class='ocrx_word' id='word_1_25' title='bbox 255 607 399 692; x_wconf 82' lang='lat' dir='ltr'><strong>ipse</strong></span> <span class='ocrx_word' id='word_1_26' title='bbox 446 606 641 669; x_wconf 86' lang='lat' dir='ltr'><strong>etiam</strong></span> <span class='ocrx_word' id='word_1_27' title='bbox 687 605 753 669; x_wconf 92' lang='lat' dir='ltr'><strong>in</strong></span> <span class='ocrx_word' id='word_1_28' title='bbox 801 600 1033 667; x_wconf 82' lang='lat' dir='ltr'><strong>Cantia</strong></span> <span class='ocrx_word' id='word_1_29' title='bbox 1075 603 1492 691; x_wconf 81' lang='lat' dir='ltr'><strong>presbyteros</strong></span> <span class='ocrx_word' id='word_1_30' title='bbox 1540 613 1604 669; x_wconf 93' lang='lat' dir='ltr'><strong>et</strong></span> <span class='ocrx_word' id='word_1_31' title='bbox 1648 602 1974 689; x_wconf 87' lang='lat' dir='ltr'><strong>diaconos,</strong></span> <span class='ocrx_word' id='word_1_32' title='bbox 2035 602 2395 691; x_wconf 78' lang='lat' dir='ltr'><strong>usquedum</strong></span> 
     </span>
     <span class='ocr_line' id='line_1_6' title="bbox 258 691 2397 781; baseline 0 -22"><span class='ocrx_word' id='word_1_33' title='bbox 258 693 779 781; x_wconf 79' lang='lat' dir='ltr'><strong>archiepiscopus</strong></span> <span class='ocrx_word' id='word_1_34' title='bbox 825 691 907 757; x_wconf 89' lang='lat' dir='ltr'><strong>ad</strong></span> <span class='ocrx_word' id='word_1_35' title='bbox 954 693 1171 758; x_wconf 90' lang='lat' dir='ltr'><strong>sedem</strong></span> <span class='ocrx_word' id='word_1_36' title='bbox 1220 716 1403 757; x_wconf 88' lang='lat' dir='ltr'><strong>suam</strong></span> <span class='ocrx_word' id='word_1_37' title='bbox 1449 694 1838 780; x_wconf 89' lang='lat' dir='ltr'><strong>perueniret,</strong></span> <span class='ocrx_word' id='word_1_38' title='bbox 1867 691 2240 759; x_wconf 88' lang='lat' dir='ltr'><strong>ordinabat.</strong></span> <span class='ocrx_word' id='word_1_39' title='bbox 2306 692 2397 759; x_wconf 84' lang='lat' dir='ltr'><strong>At</strong></span> 
     </span>
     <span class='ocr_line' id='line_1_7' title="bbox 252 780 2394 871; baseline 0.001 -24"><span class='ocrx_word' id='word_1_40' title='bbox 252 785 396 871; x_wconf 91' lang='lat' dir='ltr'><strong>ipse</strong></span> <span class='ocrx_word' id='word_1_41' title='bbox 440 784 705 848; x_wconf 91' lang='lat' dir='ltr'><strong>ueniens</strong></span> <span class='ocrx_word' id='word_1_42' title='bbox 751 804 903 846; x_wconf 85' lang='lat' dir='ltr'><strong>mox</strong></span> <span class='ocrx_word' id='word_1_43' title='bbox 931 782 998 855; x_wconf 80' lang='lat' dir='ltr'><strong>in</strong></span> <span class='ocrx_word' id='word_1_44' title='bbox 1031 783 1289 847; x_wconf 88' lang='lat' dir='ltr'><strong>ciuitate</strong></span> <span class='ocrx_word' id='word_1_45' title='bbox 1322 780 1530 867; x_wconf 89' lang='lat' dir='ltr'><strong>Hrofi,</strong></span> <span class='ocrx_word' id='word_1_46' title='bbox 1577 782 1691 846; x_wconf 91' lang='lat' dir='ltr'><strong>ubi</strong></span> <span class='ocrx_word' id='word_1_47' title='bbox 1736 780 2037 848; x_wconf 88' lang='lat' dir='ltr'><strong>defuncto</strong></span> <span class='ocrx_word' id='word_1_48' title='bbox 2069 782 2394 849; x_wconf 84' lang='lat' dir='ltr'><strong>Damiano</strong></span> 
     </span>
     <span class='ocr_line' id='line_1_8' title="bbox 258 870 2395 959; baseline 0 -23"><span class='ocrx_word' id='word_1_49' title='bbox 258 874 666 959; x_wconf 73' lang='lat' dir='ltr'><strong>episcopatus</strong></span> <span class='ocrx_word' id='word_1_50' title='bbox 718 871 848 935; x_wconf 89' lang='lat' dir='ltr'><strong>iam</strong></span> <span class='ocrx_word' id='word_1_51' title='bbox 909 870 1017 935; x_wconf 92' lang='lat' dir='ltr'><strong>diu</strong></span> <span class='ocrx_word' id='word_1_52' title='bbox 1076 881 1474 957; x_wconf 84' lang='lat' dir='ltr'><strong>cessauerat,</strong></span> <span class='ocrx_word' id='word_1_53' title='bbox 1539 872 1859 936; x_wconf 89' lang='lat' dir='ltr'><strong>ordinauit</strong></span> <span class='ocrx_word' id='word_1_54' title='bbox 1914 874 2126 937; x_wconf 87' lang='lat' dir='ltr'><strong>uirum</strong></span> <span class='ocrx_word' id='word_1_55' title='bbox 2185 874 2395 957; x_wconf 87' lang='lat' dir='ltr'><strong>magis</strong></span> 
     </span>
     <span class='ocr_line' id='line_1_9' title="bbox 256 959 2397 1049; baseline 0 -22"><span class='ocrx_word' id='word_1_56' title='bbox 256 960 712 1027; x_wconf 87' lang='lat' dir='ltr'><strong>ecclesiasticis</strong></span> <span class='ocrx_word' id='word_1_57' title='bbox 781 959 1133 1046; x_wconf 88' lang='lat' dir='ltr'><strong>disciplinis</strong></span> <span class='ocrx_word' id='word_1_58' title='bbox 1196 961 1562 1025; x_wconf 90' lang='lat' dir='ltr'><strong>institutum</strong></span> <span class='ocrx_word' id='word_1_59' title='bbox 1617 969 1682 1025; x_wconf 84' lang='lat' dir='ltr'><strong>et</strong></span> <span class='ocrx_word' id='word_1_60' title='bbox 1741 963 1916 1025; x_wconf 88' lang='lat' dir='ltr'><strong>uitae</strong></span> <span class='ocrx_word' id='word_1_61' title='bbox 1983 962 2397 1049; x_wconf 81' lang='lat' dir='ltr'><strong>simplicitate</strong></span> 
     </span>
     <span class='ocr_line' id='line_1_10' title="bbox 257 1050 2397 1134; baseline 0.001 -19"><span class='ocrx_word' id='word_1_62' title='bbox 257 1058 661 1132; x_wconf 89' lang='lat' dir='ltr'><strong>contentum,</strong></span> <span class='ocrx_word' id='word_1_63' title='bbox 720 1070 913 1134; x_wconf 88' lang='lat' dir='ltr'><strong>quam</strong></span> <span class='ocrx_word' id='word_1_64' title='bbox 959 1050 1027 1114; x_wconf 89' lang='lat' dir='ltr'><strong>in</strong></span> <span class='ocrx_word' id='word_1_65' title='bbox 1072 1050 1314 1114; x_wconf 90' lang='lat' dir='ltr'><strong>saeculi</strong></span> <span class='ocrx_word' id='word_1_66' title='bbox 1356 1050 1552 1115; x_wconf 90' lang='lat' dir='ltr'><strong>rebus</strong></span> <span class='ocrx_word' id='word_1_67' title='bbox 1599 1060 1957 1134; x_wconf 90' lang='lat' dir='ltr'><strong>strenuum,</strong></span> <span class='ocrx_word' id='word_1_68' title='bbox 2015 1054 2118 1115; x_wconf 91' lang='lat' dir='ltr'><strong>cui</strong></span> <span class='ocrx_word' id='word_1_69' title='bbox 2163 1074 2397 1117; x_wconf 90' lang='lat' dir='ltr'><strong>nomen</strong></span> 
     </span>
     <span class='ocr_line' id='line_1_11' title="bbox 259 1136 2397 1223; baseline 0 -19"><span class='ocrx_word' id='word_1_70' title='bbox 259 1149 404 1204; x_wconf 88' lang='lat' dir='ltr'><strong>erat</strong></span> <span class='ocrx_word' id='word_1_71' title='bbox 445 1138 671 1223; x_wconf 84' lang='lat' dir='ltr'><strong>Putta3</strong></span> <span class='ocrx_word' id='word_1_72' title='bbox 732 1140 1013 1203; x_wconf 83' lang='lat' dir='ltr'><strong>maxime</strong></span> <span class='ocrx_word' id='word_1_73' title='bbox 1072 1148 1289 1203; x_wconf 87' lang='lat' dir='ltr'><strong>autem</strong></span> <span class='ocrx_word' id='word_1_74' title='bbox 1348 1136 1719 1203; x_wconf 88' lang='lat' dir='ltr'><strong>modulandi</strong></span> <span class='ocrx_word' id='word_1_75' title='bbox 1765 1141 1832 1207; x_wconf 92' lang='lat' dir='ltr'><strong>in</strong></span> <span class='ocrx_word' id='word_1_76' title='bbox 1887 1140 2160 1206; x_wconf 87' lang='lat' dir='ltr'><strong>ecclesia</strong></span> <span class='ocrx_word' id='word_1_77' title='bbox 2216 1163 2397 1209; x_wconf 87' lang='lat' dir='ltr'><strong>more</strong></span> 
     </span>
     <span class='ocr_line' id='line_1_12' title="bbox 254 1226 2394 1317; baseline 0.001 -24"><span class='ocrx_word' id='word_1_78' title='bbox 254 1229 720 1310; x_wconf 85' lang='lat' dir='ltr'><strong>Romanorum,</strong></span> <span class='ocrx_word' id='word_1_79' title='bbox 770 1250 960 1313; x_wconf 91' lang='lat' dir='ltr'><strong>quem</strong></span> <span class='ocrx_word' id='word_1_80' title='bbox 1009 1250 1048 1291; x_wconf 88' lang='lat' dir='ltr'><strong>a</strong></span> <span class='ocrx_word' id='word_1_81' title='bbox 1094 1228 1424 1316; x_wconf 83' lang='lat' dir='ltr'><strong>discipulis</strong></span> <span class='ocrx_word' id='word_1_82' title='bbox 1470 1230 1648 1294; x_wconf 83' lang='lat' dir='ltr'><strong>beati</strong></span> <span class='ocrx_word' id='word_1_83' title='bbox 1691 1251 1900 1317; x_wconf 88' lang='lat' dir='ltr'><strong>papae</strong></span> <span class='ocrx_word' id='word_1_84' title='bbox 1946 1226 2254 1315; x_wconf 84' lang='lat' dir='ltr'><strong>Gregorii</strong></span> <span class='ocrx_word' id='word_1_85' title='bbox 2301 1230 2394 1295; x_wconf 93' lang='lat' dir='ltr'><strong>di-</strong></span> 
     </span>
     <span class='ocr_line' id='line_1_13' title="bbox 252 1318 876 1403; baseline -0.003 -20"><span class='ocrx_word' id='word_1_86' title='bbox 252 1318 525 1403; x_wconf 87' lang='lat' dir='ltr'><strong>dicerat,</strong></span> <span class='ocrx_word' id='word_1_87' title='bbox 574 1318 876 1403; x_wconf 88' lang='lat' dir='ltr'><strong>peritum.</strong></span> 
     </span>
    </p>
   </div>
   <div class='ocr_carea' id='block_1_3' title="bbox 1297 1551 1358 1614">
    <p class='ocr_par' dir='ltr' id='par_1_3' title="bbox 1297 1551 1358 1614">
     <span class='ocr_line' id='line_1_14' title="bbox 1297 1551 1358 1614; baseline -0.016 0"><span class='ocrx_word' id='word_1_88' title='bbox 1297 1551 1358 1614; x_wconf 85' lang='lat'><strong>3.</strong></span> 
     </span>
    </p>
   </div>
   <div class='ocr_carea' id='block_1_4' title="bbox 258 1705 2396 1940">
    <p class='ocr_par' dir='ltr' id='par_1_4' title="bbox 258 1705 2396 1940">
     <span class='ocr_line' id='line_1_15' title="bbox 258 1705 2396 1775; baseline -0 -10"><span class='ocrx_word' id='word_1_89' title='bbox 258 1708 343 1765; x_wconf 77' lang='lat' dir='ltr'><strong>vt</strong></span> <span class='ocrx_word' id='word_1_90' title='bbox 380 1706 641 1775; x_wconf 66' lang='lat' dir='ltr'><strong>Gemma,</strong></span> <span class='ocrx_word' id='word_1_91' title='bbox 682 1708 756 1762; x_wconf 83' lang='lat' dir='ltr'><strong>de</strong></span> <span class='ocrx_word' id='word_1_92' title='bbox 794 1720 913 1775; x_wconf 80' lang='lat' dir='ltr'><strong>quo</strong></span> <span class='ocrx_word' id='word_1_93' title='bbox 954 1720 1145 1775; x_wconf 79' lang='lat' dir='ltr'><strong>supra</strong></span> <span class='ocrx_word' id='word_1_94' title='bbox 1181 1705 1416 1761; x_wconf 75' lang='lat' dir='ltr'><strong>«lictum</strong></span> <span class='ocrx_word' id='word_1_95' title='bbox 1452 1706 1574 1774; x_wconf 84' lang='lat' dir='ltr'><strong>est,</strong></span> <span class='ocrx_word' id='word_1_96' title='bbox 1622 1707 1987 1775; x_wconf 82' lang='lat' dir='ltr'><strong>prouinciae</strong></span> <span class='ocrx_word' id='word_1_97' title='bbox 2023 1708 2396 1764; x_wconf 71' lang='lat' dir='ltr'><strong>Marciorum</strong></span> 
     </span>
     <span class='ocr_line' id='line_1_16' title="bbox 334 1795 2329 1865; baseline 0 -13"><span class='ocrx_word' id='word_1_98' title='bbox 334 1796 423 1852; x_wconf 79' lang='lat' dir='ltr'><strong>sit</strong></span> <span class='ocrx_word' id='word_1_99' title='bbox 462 1796 790 1865; x_wconf 80' lang='lat' dir='ltr'><strong>episeopus</strong></span> <span class='ocrx_word' id='word_1_100' title='bbox 830 1796 1034 1863; x_wconf 75' lang='lat' dir='ltr'><strong>clatus,</strong></span> <span class='ocrx_word' id='word_1_101' title='bbox 1076 1795 1141 1850; x_wconf 88' lang='lat' dir='ltr'><strong>et</strong></span> <span class='ocrx_word' id='word_1_102' title='bbox 1179 1796 1252 1850; x_wconf 81' lang='lat' dir='ltr'><strong>de</strong></span> <span class='ocrx_word' id='word_1_103' title='bbox 1289 1795 1429 1850; x_wconf 78' lang='lat' dir='ltr'><strong>uita</strong></span> <span class='ocrx_word' id='word_1_104' title='bbox 1465 1795 1530 1850; x_wconf 88' lang='lat' dir='ltr'><strong>et</strong></span> <span class='ocrx_word' id='word_1_105' title='bbox 1569 1795 1642 1850; x_wconf 74' lang='lat' dir='ltr'><strong>cle</strong></span> <span class='ocrx_word' id='word_1_106' title='bbox 1683 1795 1861 1852; x_wconf 81' lang='lat' dir='ltr'><strong>obitu</strong></span> <span class='ocrx_word' id='word_1_107' title='bbox 1899 1796 1965 1851; x_wconf 84' lang='lat' dir='ltr'><strong>et</strong></span> <span class='ocrx_word' id='word_1_108' title='bbox 2003 1796 2329 1865; x_wconf 81' lang='lat' dir='ltr'><strong>sepultura</strong></span> 
     </span>
     <span class='ocr_line' id='line_1_17' title="bbox 1248 1884 1408 1940; baseline -0.006 0"><span class='ocrx_word' id='word_1_109' title='bbox 1248 1884 1408 1940; x_wconf 85' lang='lat' dir='ltr'><strong>eius.</strong></span> 
     </span>
    </p>
   </div>
   <div class='ocr_carea' id='block_1_5' title="bbox 252 2026 2399 3901">
    <p class='ocr_par' dir='ltr' id='par_1_5' title="bbox 252 2026 2399 3901">
     <span class='ocr_line' id='line_1_18' title="bbox 436 2026 2396 2117; baseline -0.001 -22"><span class='ocrx_word' id='word_1_110' title='bbox 436 2029 535 2094; x_wconf 88' lang='lat' dir='ltr'><strong>Eo</strong></span> <span class='ocrx_word' id='word_1_111' title='bbox 566 2038 861 2117; x_wconf 89' lang='lat' dir='ltr'><strong>tempore</strong></span> <span class='ocrx_word' id='word_1_112' title='bbox 906 2030 1277 2116; x_wconf 87' lang='lat' dir='ltr'><strong>prouinciae</strong></span> <span class='ocrx_word' id='word_1_113' title='bbox 1308 2026 1702 2093; x_wconf 90' lang='lat' dir='ltr'><strong>Merciorum</strong></span> <span class='ocrx_word' id='word_1_114' title='bbox 1733 2050 1850 2093; x_wconf 87' lang='lat' dir='ltr'><strong>rex</strong></span> <span class='ocrx_word' id='word_1_115' title='bbox 1882 2026 2185 2093; x_wconf 85' lang='lat' dir='ltr'><strong>Vulfheri</strong></span> <span class='ocrx_word' id='word_1_116' title='bbox 2214 2051 2396 2116; x_wconf 88' lang='lat' dir='ltr'><strong>prae-</strong></span> 
     </span>
     <span class='ocr_line' id='line_1_19' title="bbox 253 2117 2398 2204; baseline 0 -20"><span class='ocrx_word' id='word_1_117' title='bbox 253 2120 404 2203; x_wconf 84' lang='lat' dir='ltr'><strong>fuit,</strong></span> <span class='ocrx_word' id='word_1_118' title='bbox 496 2120 582 2204; x_wconf 90' lang='lat' dir='ltr'><strong>ui,</strong></span> <span class='ocrx_word' id='word_1_119' title='bbox 651 2141 797 2185; x_wconf 91' lang='lat' dir='ltr'><strong>cum</strong></span> <span class='ocrx_word' id='word_1_120' title='bbox 844 2126 1098 2184; x_wconf 87' lang='lat' dir='ltr'><strong>mortuo</strong></span> <span class='ocrx_word' id='word_1_121' title='bbox 1144 2117 1535 2186; x_wconf 87' lang='lat' dir='ltr'><strong>Iarumanno</strong></span> <span class='ocrx_word' id='word_1_122' title='bbox 1583 2117 1704 2187; x_wconf 82' lang='lat' dir='ltr'><strong>sibi</strong></span> <span class='ocrx_word' id='word_1_123' title='bbox 1750 2139 2006 2204; x_wconf 89' lang='lat' dir='ltr'><strong>quoque</strong></span> <span class='ocrx_word' id='word_1_124' title='bbox 2051 2118 2310 2204; x_wconf 90' lang='lat' dir='ltr'><strong>suisque</strong></span> <span class='ocrx_word' id='word_1_125' title='bbox 2357 2140 2398 2184; x_wconf 88' lang='lat' dir='ltr'><strong>a</strong></span> 
     </span>
     <span class='ocr_line' id='line_1_20' title="bbox 259 2206 2399 2296; baseline 0 -24"><span class='ocrx_word' id='word_1_126' title='bbox 259 2207 445 2274; x_wconf 86' lang='lat' dir='ltr'><strong>Theo</strong></span> <span class='ocrx_word' id='word_1_127' title='bbox 494 2231 605 2274; x_wconf 88' lang='lat' dir='ltr'><strong>oro</strong></span> <span class='ocrx_word' id='word_1_128' title='bbox 654 2211 1029 2296; x_wconf 87' lang='lat' dir='ltr'><strong>episcopum</strong></span> <span class='ocrx_word' id='word_1_129' title='bbox 1076 2206 1214 2279; x_wconf 86' lang='lat' dir='ltr'><strong>dari</strong></span> <span class='ocrx_word' id='word_1_130' title='bbox 1260 2216 1538 2296; x_wconf 90' lang='lat' dir='ltr'><strong>peteret,</strong></span> <span class='ocrx_word' id='word_1_131' title='bbox 1594 2230 1724 2274; x_wconf 92' lang='lat' dir='ltr'><strong>non</strong></span> <span class='ocrx_word' id='word_1_132' title='bbox 1771 2207 1863 2272; x_wconf 90' lang='lat' dir='ltr'><strong>eis</strong></span> <span class='ocrx_word' id='word_1_133' title='bbox 1909 2229 2145 2271; x_wconf 92' lang='lat' dir='ltr'><strong>nouum</strong></span> <span class='ocrx_word' id='word_1_134' title='bbox 2192 2208 2399 2273; x_wconf 89' lang='lat' dir='ltr'><strong>uoluit</strong></span> 
     </span>
     <span class='ocr_line' id='line_1_21' title="bbox 256 2293 2395 2385; baseline 0 -23"><span class='ocrx_word' id='word_1_135' title='bbox 256 2298 559 2363; x_wconf 84' lang='lat' dir='ltr'><strong>ordinare</strong></span> <span class='ocrx_word' id='word_1_136' title='bbox 605 2300 1008 2385; x_wconf 83' lang='lat' dir='ltr'><strong>episcopum3</strong></span> <span class='ocrx_word' id='word_1_137' title='bbox 1058 2295 1171 2363; x_wconf 91' lang='lat' dir='ltr'><strong>sed</strong></span> <span class='ocrx_word' id='word_1_138' title='bbox 1216 2297 1570 2384; x_wconf 88' lang='lat' dir='ltr'><strong>postulauit</strong></span> <span class='ocrx_word' id='word_1_139' title='bbox 1615 2320 1653 2361; x_wconf 88' lang='lat' dir='ltr'><strong>a</strong></span> <span class='ocrx_word' id='word_1_140' title='bbox 1697 2319 1856 2382; x_wconf 85' lang='lat' dir='ltr'><strong>rege</strong></span> <span class='ocrx_word' id='word_1_141' title='bbox 1882 2293 2103 2380; x_wconf 90' lang='lat' dir='ltr'><strong>Osuio,</strong></span> <span class='ocrx_word' id='word_1_142' title='bbox 2152 2308 2224 2361; x_wconf 93' lang='lat' dir='ltr'><strong>ut</strong></span> <span class='ocrx_word' id='word_1_143' title='bbox 2268 2297 2395 2362; x_wconf 91' lang='lat' dir='ltr'><strong>illis</strong></span> 
     </span>
     <span class='ocr_line' id='line_1_22' title="bbox 254 2385 2392 2474; baseline -0 -22"><span class='ocrx_word' id='word_1_144' title='bbox 254 2389 599 2474; x_wconf 87' lang='lat' dir='ltr'><strong>episcopus</strong></span> <span class='ocrx_word' id='word_1_145' title='bbox 648 2386 909 2453; x_wconf 86' lang='lat' dir='ltr'><strong>Oeadda</strong></span> <span class='ocrx_word' id='word_1_146' title='bbox 941 2385 1255 2469; x_wconf 76' lang='lat' dir='ltr'><strong>daretur,</strong></span> <span class='ocrx_word' id='word_1_147' title='bbox 1318 2387 1428 2472; x_wconf 88' lang='lat' dir='ltr'><strong>qui</strong></span> <span class='ocrx_word' id='word_1_148' title='bbox 1485 2395 1638 2450; x_wconf 84' lang='lat' dir='ltr'><strong>tunc</strong></span> <span class='ocrx_word' id='word_1_149' title='bbox 1683 2387 1751 2450; x_wconf 90' lang='lat' dir='ltr'><strong>in</strong></span> <span class='ocrx_word' id='word_1_150' title='bbox 1807 2387 2196 2450; x_wconf 89' lang='lat' dir='ltr'><strong>monasterio</strong></span> <span class='ocrx_word' id='word_1_151' title='bbox 2257 2409 2392 2470; x_wconf 88' lang='lat' dir='ltr'><strong>sue,</strong></span> 
     </span>
     <span class='ocr_line' id='line_1_23' title="bbox 252 2472 2392 2564; baseline 0 -24"><span class='ocrx_word' id='word_1_152' title='bbox 252 2475 431 2564; x_wconf 88' lang='lat' dir='ltr'><strong>quod</strong></span> <span class='ocrx_word' id='word_1_153' title='bbox 477 2485 574 2542; x_wconf 90' lang='lat' dir='ltr'><strong>est</strong></span> <span class='ocrx_word' id='word_1_154' title='bbox 619 2477 686 2541; x_wconf 91' lang='lat' dir='ltr'><strong>in</strong></span> <span class='ocrx_word' id='word_1_155' title='bbox 732 2475 1156 2561; x_wconf 85' lang='lat' dir='ltr'><strong>Laestingae,</strong></span> <span class='ocrx_word' id='word_1_156' title='bbox 1216 2477 1501 2561; x_wconf 87' lang='lat' dir='ltr'><strong>quietam</strong></span> <span class='ocrx_word' id='word_1_157' title='bbox 1549 2477 1754 2540; x_wconf 90' lang='lat' dir='ltr'><strong>uitam</strong></span> <span class='ocrx_word' id='word_1_158' title='bbox 1797 2474 2064 2560; x_wconf 86' lang='lat' dir='ltr'><strong>agebat,</strong></span> <span class='ocrx_word' id='word_1_159' title='bbox 2116 2472 2392 2540; x_wconf 84' lang='lat' dir='ltr'><strong>Vilfrido</strong></span> 
     </span>
     <span class='ocr_line' id='line_1_24' title="bbox 252 2563 2396 2652; baseline -0.002 -20"><span class='ocrx_word' id='word_1_160' title='bbox 252 2565 749 2632; x_wconf 80' lang='lat' dir='ltr'><strong>administrante</strong></span> <span class='ocrx_word' id='word_1_161' title='bbox 796 2567 1233 2652; x_wconf 88' lang='lat' dir='ltr'><strong>episcopatum</strong></span> <span class='ocrx_word' id='word_1_162' title='bbox 1266 2563 1697 2630; x_wconf 89' lang='lat' dir='ltr'><strong>Eboracensis</strong></span> <span class='ocrx_word' id='word_1_163' title='bbox 1743 2565 2070 2648; x_wconf 88' lang='lat' dir='ltr'><strong>ecclesiae,</strong></span> <span class='ocrx_word' id='word_1_164' title='bbox 2116 2585 2237 2630; x_wconf 89' lang='lat' dir='ltr'><strong>nec</strong></span> <span class='ocrx_word' id='word_1_165' title='bbox 2266 2587 2396 2630; x_wconf 92' lang='lat' dir='ltr'><strong>non</strong></span> 
     </span>
     <span class='ocr_line' id='line_1_25' title="bbox 259 2651 2395 2742; baseline -0.001 -21"><span class='ocrx_word' id='word_1_166' title='bbox 259 2664 327 2722; x_wconf 91' lang='lat' dir='ltr'><strong>et</strong></span> <span class='ocrx_word' id='word_1_167' title='bbox 358 2657 642 2720; x_wconf 91' lang='lat' dir='ltr'><strong>omnium</strong></span> <span class='ocrx_word' id='word_1_168' title='bbox 672 2653 1382 2742; x_wconf 83' lang='lat' dir='ltr'><strong>Nordanhymbrorum,</strong></span> <span class='ocrx_word' id='word_1_169' title='bbox 1425 2651 1539 2718; x_wconf 88' lang='lat' dir='ltr'><strong>sed</strong></span> <span class='ocrx_word' id='word_1_170' title='bbox 1569 2664 1634 2718; x_wconf 90' lang='lat' dir='ltr'><strong>et</strong></span> <span class='ocrx_word' id='word_1_171' title='bbox 1664 2653 2016 2737; x_wconf 86' lang='lat' dir='ltr'><strong>Pictorum,</strong></span> <span class='ocrx_word' id='word_1_172' title='bbox 2066 2675 2395 2742; x_wconf 85' lang='lat' dir='ltr'><strong>quousque</strong></span> 
     </span>
     <span class='ocr_line' id='line_1_26' title="bbox 256 2741 2395 2831; baseline -0.001 -22"><span class='ocrx_word' id='word_1_173' title='bbox 256 2766 376 2810; x_wconf 86' lang='lat' dir='ltr'><strong>rex</strong></span> <span class='ocrx_word' id='word_1_174' title='bbox 425 2742 632 2811; x_wconf 90' lang='lat' dir='ltr'><strong>Osuiu</strong></span> <span class='ocrx_word' id='word_1_175' title='bbox 677 2745 1016 2830; x_wconf 88' lang='lat' dir='ltr'><strong>imperium</strong></span> <span class='ocrx_word' id='word_1_176' title='bbox 1061 2742 1448 2831; x_wconf 86' lang='lat' dir='ltr'><strong>protendere</strong></span> <span class='ocrx_word' id='word_1_177' title='bbox 1503 2752 1778 2828; x_wconf 86' lang='lat' dir='ltr'><strong>poterat.</strong></span> <span class='ocrx_word' id='word_1_178' title='bbox 1869 2741 1958 2807; x_wconf 88' lang='lat' dir='ltr'><strong>Et</strong></span> <span class='ocrx_word' id='word_1_179' title='bbox 2005 2745 2156 2829; x_wconf 90' lang='lat' dir='ltr'><strong>quia</strong></span> <span class='ocrx_word' id='word_1_180' title='bbox 2198 2745 2395 2808; x_wconf 90' lang='lat' dir='ltr'><strong>moris</strong></span> 
     </span>
     <span class='ocr_line' id='line_1_27' title="bbox 258 2831 2396 2921; baseline -0.002 -21"><span class='ocrx_word' id='word_1_181' title='bbox 258 2842 403 2900; x_wconf 86' lang='lat' dir='ltr'><strong>erat</strong></span> <span class='ocrx_word' id='word_1_182' title='bbox 449 2831 655 2898; x_wconf 90' lang='lat' dir='ltr'><strong>eidem</strong></span> <span class='ocrx_word' id='word_1_183' title='bbox 700 2834 1224 2898; x_wconf 86' lang='lat' dir='ltr'><strong>reuerentissimo</strong></span> <span class='ocrx_word' id='word_1_184' title='bbox 1270 2831 1544 2897; x_wconf 84' lang='lat' dir='ltr'><strong>antistiti</strong></span> <span class='ocrx_word' id='word_1_185' title='bbox 1612 2855 1769 2921; x_wconf 90' lang='lat' dir='ltr'><strong>opus</strong></span> <span class='ocrx_word' id='word_1_186' title='bbox 1819 2832 2142 2918; x_wconf 85' lang='lat' dir='ltr'><strong>euangelii</strong></span> <span class='ocrx_word' id='word_1_187' title='bbox 2185 2834 2396 2918; x_wconf 84' lang='lat' dir='ltr'><strong>magis</strong></span> 
     </span>
     <span class='ocr_line' id='line_1_28' title="bbox 257 2919 2395 3010; baseline 0 -24"><span class='ocrx_word' id='word_1_188' title='bbox 257 2921 647 2988; x_wconf 85' lang='lat' dir='ltr'><strong>ambulando</strong></span> <span class='ocrx_word' id='word_1_189' title='bbox 676 2945 798 3010; x_wconf 90' lang='lat' dir='ltr'><strong>per</strong></span> <span class='ocrx_word' id='word_1_190' title='bbox 826 2921 969 2987; x_wconf 89' lang='lat' dir='ltr'><strong>loca</strong></span> <span class='ocrx_word' id='word_1_191' title='bbox 1008 2944 1200 3008; x_wconf 89' lang='lat' dir='ltr'><strong>quam</strong></span> <span class='ocrx_word' id='word_1_192' title='bbox 1249 2920 1594 3007; x_wconf 87' lang='lat' dir='ltr'><strong>equitando</strong></span> <span class='ocrx_word' id='word_1_193' title='bbox 1641 2919 1983 3008; x_wconf 87' lang='lat' dir='ltr'><strong>perficere,</strong></span> <span class='ocrx_word' id='word_1_194' title='bbox 2030 2923 2214 2987; x_wconf 88' lang='lat' dir='ltr'><strong>iussit</strong></span> <span class='ocrx_word' id='word_1_195' title='bbox 2247 2944 2395 2987; x_wconf 89' lang='lat' dir='ltr'><strong>eum</strong></span> 
     </span>
     <span class='ocr_line' id='line_1_29' title="bbox 262 3009 2392 3097; baseline 0 -21"><span class='ocrx_word' id='word_1_196' title='bbox 262 3009 670 3097; x_wconf 87' lang='lat' dir='ltr'><strong>Theodorus,</strong></span> <span class='ocrx_word' id='word_1_197' title='bbox 739 3012 1129 3097; x_wconf 89' lang='lat' dir='ltr'><strong>ubicumque</strong></span> <span class='ocrx_word' id='word_1_198' title='bbox 1194 3011 1453 3095; x_wconf 86' lang='lat' dir='ltr'><strong>longius</strong></span> <span class='ocrx_word' id='word_1_199' title='bbox 1516 3011 1640 3076; x_wconf 87' lang='lat' dir='ltr'><strong>iter</strong></span> <span class='ocrx_word' id='word_1_200' title='bbox 1703 3011 2004 3095; x_wconf 86' lang='lat' dir='ltr'><strong>instaret,</strong></span> <span class='ocrx_word' id='word_1_201' title='bbox 2084 3012 2392 3097; x_wconf 90' lang='lat' dir='ltr'><strong>equitare,</strong></span> 
     </span>
     <span class='ocr_line' id='line_1_30' title="bbox 258 3098 2396 3187; baseline -0.001 -21"><span class='ocrx_word' id='word_1_202' title='bbox 258 3100 661 3187; x_wconf 88' lang='lat' dir='ltr'><strong>multumque</strong></span> <span class='ocrx_word' id='word_1_203' title='bbox 704 3103 1123 3186; x_wconf 89' lang='lat' dir='ltr'><strong>renitentem,</strong></span> <span class='ocrx_word' id='word_1_204' title='bbox 1172 3101 1382 3165; x_wconf 89' lang='lat' dir='ltr'><strong>studio</strong></span> <span class='ocrx_word' id='word_1_205' title='bbox 1430 3109 1496 3164; x_wconf 93' lang='lat' dir='ltr'><strong>et</strong></span> <span class='ocrx_word' id='word_1_206' title='bbox 1539 3121 1760 3164; x_wconf 90' lang='lat' dir='ltr'><strong>amore</strong></span> <span class='ocrx_word' id='word_1_207' title='bbox 1806 3101 1900 3186; x_wconf 86' lang='lat' dir='ltr'><strong>pii</strong></span> <span class='ocrx_word' id='word_1_208' title='bbox 1941 3098 2209 3183; x_wconf 87' lang='lat' dir='ltr'><strong>laboris,</strong></span> <span class='ocrx_word' id='word_1_209' title='bbox 2256 3101 2396 3185; x_wconf 89' lang='lat' dir='ltr'><strong>ipse</strong></span> 
     </span>
     <span class='ocr_line' id='line_1_31' title="bbox 260 3189 2396 3275; baseline -0.001 -21"><span class='ocrx_word' id='word_1_210' title='bbox 260 3211 410 3254; x_wconf 91' lang='lat' dir='ltr'><strong>eum</strong></span> <span class='ocrx_word' id='word_1_211' title='bbox 456 3212 651 3256; x_wconf 87' lang='lat' dir='ltr'><strong>manu</strong></span> <span class='ocrx_word' id='word_1_212' title='bbox 698 3212 813 3254; x_wconf 88' lang='lat' dir='ltr'><strong>sua</strong></span> <span class='ocrx_word' id='word_1_213' title='bbox 857 3191 1100 3256; x_wconf 90' lang='lat' dir='ltr'><strong>leuauit</strong></span> <span class='ocrx_word' id='word_1_214' title='bbox 1146 3191 1213 3254; x_wconf 92' lang='lat' dir='ltr'><strong>in</strong></span> <span class='ocrx_word' id='word_1_215' title='bbox 1245 3211 1514 3275; x_wconf 81' lang='lat' dir='ltr'><strong>equum3</strong></span> <span class='ocrx_word' id='word_1_216' title='bbox 1558 3189 1709 3274; x_wconf 88' lang='lat' dir='ltr'><strong>quia</strong></span> <span class='ocrx_word' id='word_1_217' title='bbox 1752 3189 2058 3253; x_wconf 89' lang='lat' dir='ltr'><strong>nimirum</strong></span> <span class='ocrx_word' id='word_1_218' title='bbox 2105 3197 2396 3253; x_wconf 85' lang='lat' dir='ltr'><strong>sanctum</strong></span> 
     </span>
     <span class='ocr_line' id='line_1_32' title="bbox 259 3279 2394 3368; baseline -0.002 -24"><span class='ocrx_word' id='word_1_219' title='bbox 259 3301 402 3344; x_wconf 90' lang='lat' dir='ltr'><strong>esse</strong></span> <span class='ocrx_word' id='word_1_220' title='bbox 448 3280 660 3343; x_wconf 85' lang='lat' dir='ltr'><strong>uirum</strong></span> <span class='ocrx_word' id='word_1_221' title='bbox 708 3281 1040 3366; x_wconf 89' lang='lat' dir='ltr'><strong>comperit,</strong></span> <span class='ocrx_word' id='word_1_222' title='bbox 1090 3289 1283 3365; x_wconf 89' lang='lat' dir='ltr'><strong>atque</strong></span> <span class='ocrx_word' id='word_1_223' title='bbox 1310 3300 1475 3368; x_wconf 91' lang='lat' dir='ltr'><strong>equo</strong></span> <span class='ocrx_word' id='word_1_224' title='bbox 1504 3279 1677 3363; x_wconf 90' lang='lat' dir='ltr'><strong>uehi,</strong></span> <span class='ocrx_word' id='word_1_225' title='bbox 1727 3299 1852 3363; x_wconf 95' lang='lat' dir='ltr'><strong>quo</strong></span> <span class='ocrx_word' id='word_1_226' title='bbox 1899 3287 2068 3343; x_wconf 88' lang='lat' dir='ltr'><strong>esset</strong></span> <span class='ocrx_word' id='word_1_227' title='bbox 2111 3299 2394 3361; x_wconf 88' lang='lat' dir='ltr'><strong>necesse,</strong></span> 
     </span>
     <span class='ocr_line' id='line_1_33' title="bbox 260 3364 2396 3455; baseline -0.001 -23"><span class='ocrx_word' id='word_1_228' title='bbox 260 3368 587 3453; x_wconf 90' lang='lat' dir='ltr'><strong>compulit.</strong></span> <span class='ocrx_word' id='word_1_229' title='bbox 637 3366 1021 3455; x_wconf 83' lang='lat' dir='ltr'><strong>Susceptum</strong></span> <span class='ocrx_word' id='word_1_230' title='bbox 1044 3370 1263 3454; x_wconf 88' lang='lat' dir='ltr'><strong>itaque</strong></span> <span class='ocrx_word' id='word_1_231' title='bbox 1295 3369 1738 3454; x_wconf 89' lang='lat' dir='ltr'><strong>episcopatum</strong></span> <span class='ocrx_word' id='word_1_232' title='bbox 1769 3367 1980 3451; x_wconf 86' lang='lat' dir='ltr'><strong>gentis</strong></span> <span class='ocrx_word' id='word_1_233' title='bbox 2003 3364 2396 3444; x_wconf 85' lang='lat' dir='ltr'><strong>Merciorum</strong></span> 
     </span>
     <span class='ocr_line' id='line_1_34' title="bbox 264 3455 2396 3541; baseline -0.002 -19"><span class='ocrx_word' id='word_1_234' title='bbox 264 3457 453 3525; x_wconf 88' lang='lat' dir='ltr'><strong>simul</strong></span> <span class='ocrx_word' id='word_1_235' title='bbox 499 3466 565 3522; x_wconf 90' lang='lat' dir='ltr'><strong>et</strong></span> <span class='ocrx_word' id='word_1_236' title='bbox 608 3456 1121 3523; x_wconf 85' lang='lat' dir='ltr'><strong>Lindisfarorum</strong></span> <span class='ocrx_word' id='word_1_237' title='bbox 1170 3455 1459 3541; x_wconf 85' lang='lat' dir='ltr'><strong>Oeadda,</strong></span> <span class='ocrx_word' id='word_1_238' title='bbox 1532 3459 1716 3521; x_wconf 83' lang='lat' dir='ltr'><strong>iuxta</strong></span> <span class='ocrx_word' id='word_1_239' title='bbox 1779 3455 2078 3540; x_wconf 85' lang='lat' dir='ltr'><strong>exempla</strong></span> <span class='ocrx_word' id='word_1_240' title='bbox 2139 3464 2396 3541; x_wconf 84' lang='lat' dir='ltr'><strong>patrum</strong></span> 
     </span>
     <span class='ocr_line' id='line_1_35' title="bbox 260 3544 2396 3634; baseline -0.001 -22"><span class='ocrx_word' id='word_1_241' title='bbox 260 3549 690 3634; x_wconf 84' lang='lat' dir='ltr'><strong>antiquorum,</strong></span> <span class='ocrx_word' id='word_1_242' title='bbox 740 3549 805 3613; x_wconf 89' lang='lat' dir='ltr'><strong>in</strong></span> <span class='ocrx_word' id='word_1_243' title='bbox 854 3569 1089 3634; x_wconf 84' lang='lat' dir='ltr'><strong>magna</strong></span> <span class='ocrx_word' id='word_1_244' title='bbox 1131 3546 1305 3610; x_wconf 87' lang='lat' dir='ltr'><strong>uitae</strong></span> <span class='ocrx_word' id='word_1_245' title='bbox 1350 3545 1746 3632; x_wconf 85' lang='lat' dir='ltr'><strong>perfectione</strong></span> <span class='ocrx_word' id='word_1_246' title='bbox 1791 3544 2243 3610; x_wconf 83' lang='lat' dir='ltr'><strong>administrare</strong></span> <span class='ocrx_word' id='word_1_247' title='bbox 2289 3566 2396 3609; x_wconf 92' lang='lat' dir='ltr'><strong>cu-</strong></span> 
     </span>
     <span class='ocr_line' id='line_1_36' title="bbox 260 3632 2394 3720; baseline -0.002 -20"><span class='ocrx_word' id='word_1_248' title='bbox 260 3638 460 3703; x_wconf 84' lang='lat' dir='ltr'><strong>rauit:</strong></span> <span class='ocrx_word' id='word_1_249' title='bbox 518 3639 623 3702; x_wconf 88' lang='lat' dir='ltr'><strong>eui</strong></span> <span class='ocrx_word' id='word_1_250' title='bbox 669 3638 867 3702; x_wconf 90' lang='lat' dir='ltr'><strong>etiam</strong></span> <span class='ocrx_word' id='word_1_251' title='bbox 912 3659 1031 3702; x_wconf 83' lang='lat' dir='ltr'><strong>rex</strong></span> <span class='ocrx_word' id='word_1_252' title='bbox 1077 3634 1382 3700; x_wconf 88' lang='lat' dir='ltr'><strong>Vulfheri</strong></span> <span class='ocrx_word' id='word_1_253' title='bbox 1427 3635 1693 3700; x_wconf 85' lang='lat' dir='ltr'><strong>donauit</strong></span> <span class='ocrx_word' id='word_1_254' title='bbox 1734 3641 1978 3699; x_wconf 89' lang='lat' dir='ltr'><strong>terram</strong></span> <span class='ocrx_word' id='word_1_255' title='bbox 2022 3633 2080 3698; x_wconf 92' lang='lat' dir='ltr'>L</span> <span class='ocrx_word' id='word_1_256' title='bbox 2124 3632 2394 3720; x_wconf 82' lang='lat' dir='ltr'><strong>familia-</strong></span> 
     </span>
     <span class='ocr_line' id='line_1_37' title="bbox 263 3723 2398 3810; baseline -0.002 -20"><span class='ocrx_word' id='word_1_257' title='bbox 263 3748 408 3790; x_wconf 92' lang='lat' dir='ltr'><strong>rum</strong></span> <span class='ocrx_word' id='word_1_258' title='bbox 454 3723 536 3790; x_wconf 87' lang='lat' dir='ltr'><strong>ad</strong></span> <span class='ocrx_word' id='word_1_259' title='bbox 583 3726 1084 3792; x_wconf 89' lang='lat' dir='ltr'><strong>construendum</strong></span> <span class='ocrx_word' id='word_1_260' title='bbox 1142 3725 1601 3791; x_wconf 87' lang='lat' dir='ltr'><strong>monasterium</strong></span> <span class='ocrx_word' id='word_1_261' title='bbox 1648 3725 1718 3788; x_wconf 92' lang='lat' dir='ltr'><strong>in</strong></span> <span class='ocrx_word' id='word_1_262' title='bbox 1761 3724 1932 3807; x_wconf 90' lang='lat' dir='ltr'><strong>loco,</strong></span> <span class='ocrx_word' id='word_1_263' title='bbox 1995 3723 2105 3810; x_wconf 90' lang='lat' dir='ltr'><strong>qui</strong></span> <span class='ocrx_word' id='word_1_264' title='bbox 2164 3723 2398 3788; x_wconf 88' lang='lat' dir='ltr'><strong>dicitur</strong></span> 
     </span>
     <span class='ocr_line' id='line_1_38' title="bbox 261 3811 2397 3901; baseline -0.001 -23"><span class='ocrx_word' id='word_1_265' title='bbox 261 3811 642 3895; x_wconf 85' lang='lat' dir='ltr'><strong>Adbaruae,</strong></span> <span class='ocrx_word' id='word_1_266' title='bbox 700 3816 765 3881; x_wconf 92' lang='lat' dir='ltr'><strong>id</strong></span> <span class='ocrx_word' id='word_1_267' title='bbox 811 3824 909 3880; x_wconf 89' lang='lat' dir='ltr'><strong>est</strong></span> <span class='ocrx_word' id='word_1_268' title='bbox 954 3813 1062 3879; x_wconf 88' lang='lat' dir='ltr'><strong>Ad</strong></span> <span class='ocrx_word' id='word_1_269' title='bbox 1104 3813 1386 3900; x_wconf 88' lang='lat' dir='ltr'><strong>Nemus,</strong></span> <span class='ocrx_word' id='word_1_270' title='bbox 1446 3815 1512 3878; x_wconf 90' lang='lat' dir='ltr'><strong>in</strong></span> <span class='ocrx_word' id='word_1_271' title='bbox 1571 3813 1904 3901; x_wconf 90' lang='lat' dir='ltr'><strong>prouincia</strong></span> <span class='ocrx_word' id='word_1_272' title='bbox 1947 3811 2261 3896; x_wconf 89' lang='lat' dir='ltr'><strong>Lindissi,</strong></span> <span class='ocrx_word' id='word_1_273' title='bbox 2331 3813 2397 3876; x_wconf 92' lang='lat' dir='ltr'><strong>in</strong></span> 
     </span>
    </p>
   </div>
  </div>
 </body>
</html>
