2723 4326
353 219 483 282 206
2234 212 2358 264 1111.
2397 213 2494 268 23.

353 392 735 458 lectionibus
803 393 1003 456 sacris
1056 393 1344 476 uacauit,
1409 392 1605 456 etiam
1649 391 1923 454 Romam
1976 389 2154 455 adire
2214 391 2490 472 curauit,

355 481 526 568 quod
573 504 648 546 eo
695 491 986 568 tempore
1032 502 1308 565 magnae
1364 481 1619 544 uirtutis
1666 479 2163 545 aestimabatur:
2226 487 2293 542 et
2337 476 2496 542 inde

355 593 501 636 cum
547 569 803 636 rediens
849 569 1236 634 Brittaniam
1290 567 1567 654 adisset,
1631 568 1895 632 diuertit
1958 569 2041 634 ad
2086 569 2493 655 prouinciam

353 660 788 744 Huicciorum,
837 659 941 722 cui
986 667 1140 724 tunc
1183 680 1302 744 rex
1350 653 1541 722 Osric
1586 657 1901 743 praefuit3
1949 657 2169 744 ibique
2213 656 2491 721 uerbum

352 748 507 814 fidei
551 748 952 836 praedicam,
1001 749 1190 812 simul
1237 755 1302 813 et
1349 746 1717 833 exemplum
1761 745 2025 811 uiuendi
2070 767 2211 811 sese
2262 743 2492 809 uiden-

352 839 527 904 tibus
574 849 769 923 atque
816 836 1220 902 audientibus
1269 835 1598 920 exhibens,
1644 835 1847 900 multo
1894 845 2185 922 tempore
2229 835 2491 902 mansit.

357 927 502 1006 Quo
545 936 839 1013 tempore
899 927 1165 990 antistes
1222 926 1594 1011 prouinciae
1647 924 1849 1008 illius,
1906 924 2217 990 uocabulo
2268 921 2489 1006 Bosel,

355 1025 538 1080 tanta
605 1026 744 1081 erat
810 1016 1096 1101 corporis
1163 1013 1539 1079 infirmitate
1613 1011 1987 1101 depressus,
2068 1023 2141 1077 ut
2200 1011 2491 1076 officium

358 1107 765 1191 episcopatus
828 1127 946 1190 per
1011 1126 1080 1168 se
1141 1104 1413 1191 implere
1472 1125 1599 1168 non
1654 1112 1896 1189 posset:
1981 1110 2247 1189 propter
2316 1101 2495 1186 quod

358 1195 642 1259 omnium
673 1191 910 1258 iudicio
942 1192 1269 1279 praefatus
1299 1193 1402 1255 uir
1426 1192 1493 1256 in
1525 1193 1965 1278 episcopatum
1995 1213 2113 1277 pro
2140 1212 2214 1256 eo
2246 1189 2494 1254 electus

359 1306 436 1347 ac
481 1282 742 1346 iubente
785 1279 1134 1346 Aedilredo
1165 1302 1322 1365 rege
1354 1303 1475 1368 per
1503 1279 1847 1345 Vilfridum
1876 1281 2108 1346 beatae
2137 1280 2495 1344 memoriae

361 1372 731 1452 antistitem,
780 1372 891 1457 qui
934 1380 1087 1434 tunc
1129 1371 1441 1457 temporis
1470 1368 2095 1434 Mediterraneorum
2124 1368 2493 1452 Anglorum

361 1462 801 1547 episcopatum
844 1459 1134 1543 gerebat,
1185 1459 1514 1524 ordinatus
1561 1469 1691 1523 est:
1740 1481 1858 1545 pro
1910 1480 2008 1542 eo,
2076 1456 2245 1544 quod
2282 1456 2492 1521 archi-

361 1549 697 1636 episcopus
724 1546 1100 1613 Theodorus
1131 1549 1260 1612 iam
1307 1547 1646 1613 defunctus
1692 1557 1832 1613 erat
1886 1558 1951 1613 et
2002 1545 2277 1612 necdum
2322 1547 2493 1610 alius

359 1660 478 1726 pro
528 1659 603 1702 8ο
651 1635 980 1702 ordinatus
1027 1638 1383 1725 episcopuS.
1476 1635 1556 1700 In
1620 1659 1814 1723 quam
1868 1635 2171 1702 uidelicet
2232 1636 2493 1722 prouin-

360 1729 528 1792 ciam
572 1726 761 1814 paulo
806 1735 978 1812 ante,
1025 1725 1146 1791 hoc
1194 1737 1290 1791 est
1334 1734 1485 1790 ante
1531 1726 1896 1812 praefatum
1954 1727 2165 1790 uirum
2210 1724 2313 1788 dei
2356 1723 2489 1788 Bo-

359 1815 588 1899 selum,
633 1816 733 1878 uir
778 1816 1257 1880 strenuissimus
1304 1825 1371 1880 et
1416 1813 1819 1880 doctissimus
1864 1823 2059 1901 atque
2119 1813 2493 1879 excellentis

361 1905 602 1988 ingenii
655 1905 967 1970 uocabulo
1015 1903 1270 1969 Tatfrid
1287 1955 1328 1988 ,.
1379 1903 1459 1970 de
1515 1902 1801 1968 eiusdem
1855 1904 2216 1970 abbatissae
2269 1923 2491 1965 mona-

360 1994 556 2056 sterio
602 1992 843 2058 electus
891 2003 988 2059 est
1019 1995 1315 2058 antistes:
1366 1991 1500 2076 sed,
1533 1995 1907 2080 priusquam
1940 1992 2221 2057 ordinari
2248 2000 2488 2078 posset,

359 2091 568 2146 morte
611 2083 932 2147 inmatura
975 2091 1355 2170 praereptus
1404 2093 1517 2147 est.

535 2170 685 2236 Non
731 2172 936 2238 solum
983 2194 1139 2257 ergo
1183 2172 1481 2260 praefata
1504 2168 1745 2236 Christi
1774 2171 2008 2237 ancilla
2053 2180 2117 2235 et
2161 2170 2493 2235 abbatissa

360 2259 538 2345 Hild,
587 2283 782 2348 quam
827 2283 1080 2345 omnes,
1128 2264 1238 2347 qui
1281 2269 1629 2342 nouerant,
1687 2260 1769 2325 ob
1815 2262 2070 2345 insigne
2113 2260 2375 2346 pietatis
2421 2268 2491 2323 et

359 2352 613 2436 gratiae
675 2358 948 2415 matrem
1009 2372 1244 2416 uocare
1298 2358 1683 2415 consuerant
1704 2400 1721 2426 ,
1790 2350 1858 2414 in
1925 2371 2040 2413 suo
2100 2348 2491 2413 monasterio

359 2441 533 2504 uitae
586 2438 884 2525 exemplo
937 2439 1385 2526 praesentibus
1447 2440 1688 2503 extitit:
1767 2436 1879 2503 sed
1940 2440 2135 2503 etiam
2195 2437 2491 2525 plurimis

359 2528 551 2613 longe
596 2528 1034 2612 manentibus,
1097 2529 1180 2593 ad
1240 2549 1401 2614 quos
1461 2528 1620 2592 felix
1675 2527 2030 2592 industriae
2092 2548 2171 2591 ac
2226 2526 2490 2590 uirtutis

362 2619 500 2681 eius
553 2640 770 2682 rumor
814 2618 1112 2705 peruenit
1130 2666 1148 2699 ,
1215 2619 1612 2681 occasionem
1668 2616 1889 2681 salutis
1951 2624 2016 2681 et
2076 2614 2490 2681 correctionis

361 2708 768 2771 ministrauit.
863 2703 1227 2793 Oportebat
1279 2727 1559 2792 namque
1602 2705 1859 2792 impleri
1918 2706 2261 2786 somnium,
2317 2700 2490 2788 quod

361 2803 569 2859 mater
615 2798 748 2860 eius
795 2794 1161 2879 Bregusuid
1206 2796 1274 2859 in
1317 2795 1587 2860 infantia
1626 2796 1782 2860 eius
1841 2792 2022 2858 uidit.
2098 2792 2280 2872 Quae
2340 2813 2489 2855 cum

362 2884 465 2947 uir
523 2884 658 2947 eius
703 2883 979 2949 Hereric
1039 2884 1328 2948 exularet
1380 2884 1498 2948 sub
1562 2905 1721 2967 rege
1765 2882 2150 2947 Brettonum
2197 2880 2485 2959 Oerdice,

361 2973 475 3038 ubi
520 2980 584 3037 et
628 2988 873 3037 ueneno
931 2974 1156 3060 periit,
1223 2971 1387 3036 uidit
1438 2995 1554 3060 per
1620 2974 1961 3056 somnium,
2029 2972 2212 3057 quasi
2276 2969 2490 3034 subito

362 3060 684 3125 sublatum
731 3083 878 3126 eum
923 3062 1268 3147 quaesierit
1313 3084 1459 3126 cum
1507 3064 1682 3125 omni
1720 3060 2073 3147 diligentia,
2120 3060 2491 3143 nullumque

363 3152 500 3215 eius
547 3152 799 3238 uspiam
843 3152 1188 3235 uestigium
1236 3151 1626 3238 apparuerit.
1718 3148 1966 3214 Verum
2012 3172 2158 3213 cum
2192 3148 2489 3212 sollertis-

364 3241 522 3305 sime
586 3240 768 3304 illum
831 3241 1202 3326 quaesierit,
1265 3240 1572 3326 extimplo
1628 3263 1698 3304 se
1752 3240 2081 3326 repperire
2136 3236 2252 3302 sub
2305 3245 2491 3301 ueste

364 3350 482 3393 sua
523 3328 762 3394 monile
806 3329 1371 3415 pretiosissimum:
1421 3328 1611 3415 quod,
1658 3328 1812 3391 dum
1857 3328 2165 3393 attentius
2202 3323 2489 3391 conside-

364 3427 559 3501 raret,
606 3419 772 3482 tanti
817 3418 1070 3503 fulgore
1114 3418 1375 3482 luminis
1420 3417 1745 3503 refulgere
1774 3417 2134 3497 uidebatur,
2166 3424 2238 3479 ut
2269 3435 2491 3478 omnes

363 3505 722 3572 Brittaniae
769 3505 927 3571 fines
973 3507 1140 3571 illius
1200 3508 1413 3591 gratia
1477 3504 1829 3593 splendoris
1891 3505 2207 3591 impleret.
2302 3501 2496 3581 Quod

365 3596 668 3660 nimirum
715 3597 1033 3661 somnium
1077 3596 1399 3661 ueraciter
1458 3597 1526 3659 in
1583 3595 1719 3660 filia
1764 3597 1928 3679 eius,
1993 3592 2075 3657 de
2122 3614 2249 3678 qua
2292 3592 2493 3678 loqui-

366 3704 544 3766 mur,
611 3684 939 3769 expletum
987 3694 1114 3749 est:
1165 3686 1344 3750 cuius
1392 3685 1527 3748 uita
1573 3707 1703 3749 non
1748 3684 1871 3748 sibi
1917 3680 2334 3763 solummod0,
2382 3680 2495 3745 sed

367 3772 584 3923 111111ϊὶ8
665 3774 828 3837 bene
907 3776 1129 3838 uiuere
1197 3774 1563 3838 uolentibus
1636 3773 1930 3860 exempla
1999 3793 2265 3860 operum
2332 3770 2493 3834 lucis

367 3880 524 3944 prae
570 3862 682 3923 uit.
1902 3893 1905 3896 ·
