2723 4326
205 181 281 236 11.
321 183 374 237 4.
2270 183 2349 248 71

394 358 573 423 Dum
634 379 752 423 nos
812 357 996 425 sedes
1056 358 1409 444 apostolica
1453 382 1630 424 more
1678 381 1820 442 suo,
1892 360 2058 424 sicut
2100 361 2170 425 in
2213 360 2353 425 uni-

209 470 406 514 uerso
467 447 622 513 orbe
679 457 1029 532 terrarum,
1097 451 1164 513 in
1206 448 1305 513 his
1367 447 1647 514 occiduis
1706 449 1999 536 partibus
2043 447 2127 514 ad
2172 471 2354 536 prae-

207 537 562 602 dicandum
607 537 912 621 gentibus
956 539 1226 624 paganis
1274 537 1585 623 dirigeret
1630 546 1824 624 atque
1870 539 1935 601 in
1980 538 2146 602 hanc
2183 539 2353 602 insu-

206 628 365 712 lam,
416 648 583 712 quae
627 625 954 692 Brittania
1013 635 1449 713 nuncupatur,
1514 628 1788 709 contigit
1832 627 2133 692 introisse
2177 636 2354 692 ante·

209 737 412 803 quam
458 735 1023 800 cognosceremus:
1073 715 1433 800 credentes,
1483 713 1652 801 quod
1700 719 1881 780 iuxta
1926 737 2171 780 morem
2218 719 2354 780 uni-

207 804 488 870 uersalis
553 804 864 869 ecclesiae
931 804 1456 890 ingrederentur,
1534 805 1600 868 in
1674 827 1913 890 magna
1988 807 2356 872 reuerentia

207 893 573 959 sanctitatis
619 902 754 957 tam
799 892 1143 958 Brettones
1198 915 1393 978 quam
1439 890 1696 958 Scottos
1755 896 2047 959 uenerati
2104 917 2352 980 sumus3

209 981 331 1048 sed
377 991 838 1066 cognoscentes
882 981 1258 1067 Brettones‚
1323 979 1580 1047 Scottos
1626 983 1920 1048 meliores
1967 985 2353 1068 putauimus.

207 1069 475 1138 Scottos
533 1093 688 1135 uero
749 1094 865 1158 per
925 1071 1275 1156 Daganum
1344 1072 1714 1158 episcopum
1773 1072 1841 1136 in
1900 1072 2093 1157 hanc,
2161 1094 2354 1158 quam

213 1162 514 1248 superius
561 1161 1083 1245 memorauimus,
1131 1161 1406 1225 insulam
1439 1169 1504 1224 et
1535 1159 2003 1225 Columbanum
2048 1161 2356 1228 abbatem

205 1253 280 1315 in
343 1247 551 1314 Gallis
619 1250 989 1314 uenientem
1052 1248 1212 1314 nihil
1281 1247 1647 1335 discrepare
1708 1271 1748 1314 a
1806 1248 2225 1315 Brettonibus
2289 1252 2356 1314 in

209 1359 440 1404 eorum
485 1340 972 1404 conuersatione
1018 1337 1377 1403 didicimus.
1441 1336 1615 1403 Nam
1659 1335 1972 1423 Daganus
2019 1341 2357 1427 episcopus

205 1427 296 1493 ad
344 1450 458 1492 nos
504 1429 771 1492 ueniens
817 1449 948 1493 non
1002 1427 1207 1492 solum
1269 1426 1486 1491 cibum
1542 1426 1906 1510 nobiscum,
1969 1428 2082 1493 sed
2125 1450 2247 1493 nec
2290 1431 2359 1493 in

206 1515 443 1582 eodem
485 1516 784 1603 hospitio,
835 1539 960 1604 quo
1007 1515 1452 1600 uescebamur,
1508 1537 1764 1581 sumere
1807 1517 2053 1582 uoluit!

391 1605 573 1670 Misit
633 1604 804 1670 idem
859 1605 1244 1671 Laurentius
1303 1627 1451 1669 cum
1515 1607 1807 1691 coepisco
1858 1607 1911 1670 is
1970 1607 2101 1672 suis
2162 1608 2357 1671 etiam

206 1694 600 1760 Brettonum
675 1694 1116 1760 sacerdotibus
1183 1693 1433 1758 litteras
1498 1715 1611 1758 suo
1677 1716 1799 1778 gra
1842 1695 1910 1758 ui
1986 1693 2358 1779 condignas,

209 1783 448 1870 quibus
495 1805 604 1848 eos
649 1785 718 1846 in
763 1785 1010 1849 unitate
1065 1781 1383 1848 catholica
1438 1781 1817 1847 confirmare
1873 1784 2131 1868 satagit.
2225 1781 2358 1850 Sed

217 1881 533 1959 quantum
578 1871 738 1936 haec
781 1869 1035 1957 agendo
1092 1871 1466 1958 profecerit,
1526 1869 1733 1940 adhuc
1779 1875 2151 1958 praesentia
2192 1883 2355 1939 tem-

217 1984 383 2048 pora
428 1958 773 2026 declarant.

400 2047 523 2114 His
578 2050 978 2136 temporibus
1031 2050 1212 2115 uenit
1254 2048 1538 2114 Mellitus
1584 2047 1964 2113 Lundoniae
2022 2052 2359 2136 episcopus

216 2139 497 2205 Romam
543 2137 622 2205 de
666 2140 1043 2205 necessariis
1092 2138 1401 2205 ecclesiae
1432 2136 1795 2224 Anglorum
1828 2161 1974 2204 cum
2006 2139 2357 2225 apostolico

217 2251 394 2315 papa
443 2227 769 2294 Bonifatio
827 2238 1232 2294 tractaturus.
1297 2229 1387 2293 Et
1431 2250 1573 2293 cum
1618 2227 1790 2293 idem
1834 2250 2004 2314 papa
2060 2250 2355 2294 reueren-

219 2319 508 2383 tissimus
571 2325 831 2403 cogeret
891 2316 1206 2404 synodum
1264 2318 1709 2405 episcoporum
1754 2316 2009 2402 Italiae,
2077 2317 2158 2383 de
2219 2320 2357 2383 uita

219 2406 684 2472 monachorum
729 2417 794 2472 et
840 2409 1052 2493 quiete
1099 2405 1529 2489 ordinaturus,
1579 2414 1645 2471 et
1689 2404 1827 2493 ipse
1862 2406 2149 2473 Mellitus
2196 2408 2363 2473 inter

222 2519 333 2562 eos
381 2492 632 2561 adsedit
675 2517 840 2561 anno
887 2507 1116 2562 octauo
1174 2497 1431 2582 imperii
1477 2494 1735 2561 Focatis
1795 2497 2103 2581 principis
2123 2546 2140 2578 ,
2201 2495 2362 2561 indi-

221 2587 436 2651 ctione
482 2584 736 2650 decima
779 2586 998 2670 tertia,
1059 2587 1255 2650 tertia
1309 2584 1415 2649 die
1459 2584 1904 2649 Kalendarum
1949 2584 2360 2651 Martiarum:

221 2684 296 2739 ut
341 2696 636 2761 quaeque
684 2683 869 2739 erant
912 2674 1297 2759 regulariter
1343 2673 1637 2756 decreta,
1687 2696 1803 2737 sua
1850 2698 2103 2762 quoque
2150 2684 2363 2741 aucto·

221 2764 420 2827 ritate
452 2763 859 2829 subscribens
891 2762 1302 2828 confirmaret
1333 2786 1409 2827 ac
1438 2761 1830 2827 Brittaniam
1861 2763 2114 2829 rediens
2148 2787 2364 2831 secum

223 2851 589 2937 Anglorum
649 2853 934 2917 ecclesiis
992 2849 1359 2917 mandanda
1420 2861 1615 2938 atque
1674 2853 1991 2918 seruanda
2060 2852 2363 2938 deferret,

220 2964 354 3006 una
400 2963 547 3006 cum
595 2941 906 3027 epistulis,
955 2964 1114 3027 quas
1160 2940 1332 3005 idem
1378 2942 1669 3027 pontifex
1714 2941 1835 3006 deo
1884 2940 2116 3008 dilecto
2162 2945 2365 3010 archi-

223 3032 530 3117 episcopo
573 3028 926 3096 Laurentio
975 3038 1040 3095 et
1085 3031 1254 3095 clero
1300 3032 1599 3094 uniuerso
1610 3079 1628 3114 ‚
1698 3032 1991 3097 similiter
2038 3042 2101 3097 et
2144 3032 2361 3098 Aedil-

220 3121 450 3185 bercto
497 3121 640 3204 regi
685 3128 880 3205 atque
928 3121 1106 3204 genti
1150 3117 1513 3203 Anglorum
1560 3117 1814 3184 direxit.
1879 3120 2009 3185 Hic
2046 3129 2141 3186 est
2172 3120 2365 3187 Boni-

223 3209 444 3293 fatius,
494 3216 760 3294 quartus
792 3230 832 3273 a
862 3208 1052 3273 beato
1085 3204 1409 3294 Gregorio
1440 3208 1768 3273 Romanae
1814 3208 1992 3273 urbis
2041 3210 2363 3297 episcopo,

226 3300 338 3385 qui
383 3299 758 3385 impetrauit
803 3320 842 3361 a
887 3297 1129 3363 Focate
1177 3299 1466 3383 principe
1513 3294 1737 3360 donari
1784 3297 2091 3363 ecclesiae
2122 3297 2363 3364 Christi

225 3388 539 3472 templum
583 3386 856 3470 Romae,
926 3384 1097 3471 quod
1141 3386 1479 3452 Pantheon
1532 3385 1888 3450 uocabatur
1932 3387 2015 3452 ab
2062 3389 2363 3474 antiquiS,

228 3478 409 3561 quasi
481 3474 893 3539 simulacrum
960 3483 1128 3541 esset
1195 3476 1482 3540 omnium
1548 3473 1845 3540 deorum:
1912 3476 1981 3539 in
2040 3498 2165 3561 quo
2225 3480 2366 3565 ipse

229 3565 561 3629 eliminata
608 3566 783 3629 omni
829 3564 1134 3651 spurcitia
1181 3565 1338 3630 fecit
1377 3562 1717 3629 ecclesiam
1748 3573 2008 3629 sanctae
2040 3564 2145 3631 dei
2176 3589 2367 3651 gene-

228 3654 408 3718 tricis
447 3662 642 3739 atque
689 3655 974 3719 omnium
1017 3663 1381 3741 martyrum
1413 3649 1681 3735 Christi3
1729 3662 1804 3717 ut
1850 3656 2112 3719 exclusa
2154 3657 2365 3722 multi·

229 3743 450 3897 {udins
515 3740 928 3828 daemonum,
999 3742 1339 3808 multitudo
1400 3740 1491 3806 ibi
1550 3750 1918 3807 sanctorum
1986 3747 2365 3812 memoriam

273 3854 312 3897 a
359 3839 516 3897 eret.
