2723 4326
166 221 232 273 II.
277 223 322 274 1.
1079 279 1085 284 ,
2226 224 2307 287 61

166 419 551 484 cassamque
607 397 848 464 saeculi
901 397 1150 462 actibus
1206 406 1488 462 mentem
1544 399 1711 462 inter
1757 420 1866 462 eos
1913 396 2149 464 cotidie
2194 423 2313 485 per

164 486 496 552 studiosae
541 486 833 552 lectionis
878 487 1214 551 roboraret
1250 488 1619 573 alloquium.
1684 487 1938 552 Horum
1972 510 2129 572 ergo
2163 510 2310 553 con-

164 578 365 641 sortio
397 588 528 641 no‘n
559 576 766 640 solum
801 599 842 640 a
871 577 1140 640 terrenis
1183 585 1280 640 est
1325 577 1607 640 munitus
1653 576 2033 660 incursibus,
2082 600 2311 642 uerum

165 668 367 730 etiam
423 664 508 730 ad
563 666 862 730 caelestis
906 667 1084 730 uitae
1141 666 1453 730 exercitia
1507 667 1717 750 magis
1772 667 2113 751 magisque
2168 689 2308 732 suc-

165 777 421 820 census.

341 842 520 908 Nam
565 841 804 908 hortati
850 850 996 906 sunt
1043 865 1210 926 eum,
1259 852 1332 908 ut
1387 843 1623 907 librum
1674 843 1848 908 beati
1893 843 2014 907 Iob
2058 845 2313 928 magnis

162 934 527 998 inuolutum
598 932 1094 998 obscuritatibus
1164 933 1442 1019 mystica
1504 933 2037 1018 interpretatione
2107 930 2313 997 discu-

161 1032 357 1088 teret:
408 1043 618 1108 neque
664 1042 905 1104 negare
949 1023 1160 1107 potuit
1192 1043 1371 1107 opus,
1422 1022 1592 1107 quod
1624 1021 1747 1085 sibi
1776 1025 2099 1086 fraternus
2130 1045 2316 1087 amor

161 1113 382 1176 multis
445 1112 603 1176 utile
660 1111 945 1175 futurum
1005 1110 1399 1196 imponebat.
1489 1108 1626 1176 Sed
1690 1109 1985 1175 eumdem
2050 1111 2307 1196 librum,

163 1199 482 1287 quomodo
531 1202 714 1264 iuxta
759 1200 1039 1264 litteram
1087 1198 1581 1284 intellegendus,
1631 1199 1906 1286 qualiter
1952 1199 2034 1264 ad
2072 1163 2310 1264 Christi

164 1300 231 1353 et
277 1289 591 1354 ecclesiae
637 1286 1039 1364 sacramenta
1078 1287 1489 1373 referendus,
1557 1310 1682 1374 quo
1731 1311 1921 1353 sensu
1964 1291 2310 1376 unicuique

161 1378 452 1444 fidelium
503 1379 588 1443 sit
631 1375 980 1464 aptandus,
1039 1400 1155 1464 per
1200 1379 1475 1461 triginta
1520 1387 1586 1443 et
1632 1380 1913 1464 quinque
1957 1379 2155 1444 libros
2203 1402 2311 1443 ex-

161 1469 504 1571 positionis
551 1465 846 1532 miranda
890 1469 1142 1532 ratione
1174 1467 1531 1553 perdocuit
1596 1465 1786 1546 Quod
1815 1467 2121 1534 uidelicet
2154 1490 2314 1554 opus

161 1561 248 1621 in.
273 1558 462 1642 regia
510 1554 769 1642 quidem
813 1556 975 1621 urbe
1021 1557 1472 1642 apocrisiarius
1519 1555 1863 1640 inchoauit,
1911 1557 2157 1621 Romae
2202 1579 2311 1622 au-

163 1657 302 1711 tem
346 1649 480 1710 iam
526 1645 819 1732 pontifex
873 1644 1083 1709 factus
1147 1645 1449 1731 expleuit.
1544 1643 1672 1724 Qui
1719 1668 1866 1710 eum
1914 1655 2084 1712 esset
2128 1648 2314 1732 regia

161 1738 236 1800 in
280 1734 443 1800 urbe
489 1735 756 1820 posituS,
807 1743 1180 1800 nascentem
1226 1735 1318 1798 ibi
1364 1756 1600 1799 nouam
1646 1734 1964 1799 haeresim
2013 1733 2092 1799 de
2140 1744 2315 1800 statu

163 1835 428 1889 nostrae
473 1825 963 1888 resurrectionis
1011 1845 1156 1887 cum
1201 1825 1374 1911 ipso,
1432 1845 1514 1888 ex
1560 1845 1687 1909 quo
1735 1833 1876 1887 orta
1923 1832 2047 1908 est,
2108 1825 2311 1909 initio,

162 1916 431 1977 iuuante
477 1935 547 1977 se
594 1913 807 1997 gratia
853 1911 1206 1977 catholicae
1252 1914 1562 1997 ueritatis,
1610 1914 1878 1976 attriuit.
1974 1911 2313 1999 Siquidem

161 2003 484 2088 Eutycius
544 2001 830 2066 eiusdem
889 2002 1068 2066 urbis
1133 2001 1471 2088 episcopus
1541 2000 2024 2086 dogmatizabat
2080 2025 2311 2089 corpus

161 2102 458 2156 nostrum
503 2092 571 2155 in
617 2091 728 2154 illa
770 2093 1260 2156 resurrectionis
1307 2090 1516 2177 gloria
1579 2090 2029 2178 impalpabile,
2100 2094 2310 2156 uentis

161 2204 445 2268 aereque
477 2181 772 2245 subtilius
804 2204 944 2245 esse
975 2182 1291 2246 futurum:
1343 2178 1514 2267 quod
1538 2180 1647 2245 1110
1666 2178 1931 2245 0111110118
1964 2190 2029 2245 01
2058 2184 2310 2246 10110110

162 2272 460 2336 1101110118
531 2279 596 2334 01
664 2270 957 2357 exemplo
1027 2271 1384 2336 dominicae
1452 2269 1938 2335 resurrectionis
2007 2270 2310 2356 probauit

162 2360 286 2425 hoc
333 2357 576 2445 dogma
623 2358 1021 2424 orthodoxae
1065 2357 1220 2423 fidei
1265 2358 1652 2424 omnimodis
1700 2382 1841 2425 esse
1888 2361 2303 2424 contrarium.

164 2448 506 2515 Catholica
552 2448 789 2513 etenim
835 2446 993 2513 fides
1039 2446 1261 2531 habet,
1335 2447 1505 2535 quod
1562 2471 1795 2535 corpus
1847 2456 2141 2512 nostrum
2166 2456 2171 2459 ’
2196 2448 2310 2513 1110

163 2538 672 2603 immortalitatis
727 2538 934 2620 gloria
989 2538 1407 2602 sublimatum
1464 2538 1697 2603 subtile
1752 2538 2011 2624 quidem
2068 2540 2149 2601 sit
2194 2560 2311 2623 per

165 2627 471 2693 effectum
519 2628 822 2713 spiritalis
869 2628 1216 2713 potentiae,
1271 2626 1384 2691 sed
1429 2626 1753 2713 palpabile
1798 2649 1917 2730 per
1960 2629 2309 2691 ueritatem

163 2726 458 2781 naturae.
527 2717 712 2779 iuxta
778 2716 1147 2801 exemplum
1208 2715 1514 2781 dominici
1578 2718 1893 2803 corporis,
1962 2715 2043 2780 de
2097 2738 2221 2802 quo
2270 2740 2309 2780 a

162 2807 432 2870 mortuis
497 2806 804 2868 suscitato
872 2803 1026 2869 dicit
1070 2806 1211 2891 ipse
1263 2803 1593 2891 discipulis
1641 2802 1762 2891 (eu.
1812 2804 1969 2869 Duc.
2019 2807 2125 2889 24,
2162 2804 2305 2891 39):

167 2894 460 2981 ‘Palpate
525 2903 590 2958 et
645 2892 890 2975 uidete,
955 2894 1109 2979 quia
1177 2896 1438 2980 spiritus
1507 2916 1767 2960 carnem
1831 2904 1897 2959 et
1966 2916 2111 2959 ossa
2179 2916 2312 2959 non

163 2982 379 3067 habet,
431 2984 598 3047 sicut
637 3004 742 3047 me
788 2980 1021 3047 uidetis
1067 2982 1327 3048 habere'
1333 3033 1347 3047 .
1413 2981 1493 3047 In
1525 2986 1703 3048 cuius
1748 2982 2112 3049 adsertione
2157 2984 2310 3049 fidei

164 3072 560 3137 uenerabilis
605 3078 790 3157 pater
838 3069 1196 3156 Gregorius
1240 3074 1308 3135 in
1353 3080 1610 3137 tantum
1666 3082 1889 3137 contra
1932 3081 2308 3137 nascentem

163 3162 484 3227 haeresim
529 3182 765 3225 nouam
809 3160 1107 3226 laborare
1155 3159 1501 3245 contendit,
1550 3170 1732 3226 tanta
1775 3162 1941 3226 hanc
1980 3162 2304 3245 instantia,

162 3252 424 3315 iuuante
486 3251 685 3315 etiam
749 3252 1036 3335 piissimo
1095 3251 1486 3336 imperatore
1550 3248 1813 3315 Tiberio
1860 3247 2305 3333 Constantine,

164 3340 574 3420 comminuit,
623 3349 696 3402 ut
736 3339 947 3403 nullus
994 3337 1225 3404 exinde
1273 3341 1356 3404 sit
1402 3341 1702 3404 inuentus
1725 3388 1744 3423 ,
1793 3340 1904 3424 qui
1950 3340 2085 3403 eius
2130 3360 2307 3403 resu-

163 3430 428 3495 scitator
476 3430 800 3494 existeret.

339 3517 564 3583 Alium
610 3539 864 3604 quoque
908 3516 1143 3581 librum
1193 3518 1551 3602 composuit
1608 3516 1973 3600 egregium,
2041 3516 2153 3601 qui
2196 3538 2307 3581 uo-

165 3614 345 3671 catur
389 3606 777 3709 Pastoralis,
821 3608 890 3671 in
935 3627 1060 3692 quo
1107 3606 1450 3671 manifesta
1494 3606 1637 3670 luce
1672 3604 2017 3708 patefecit,
2084 3605 2306 3709 quales

164 3694 247 3759 ad
277 3696 588 3761 ecclesiae
635 3697 932 3780 regimen
959 3696 1232 3780 adsumi,
1283 3696 1609 3780 qualiter
1592 3696 1715 3780 ipsi
1744 3703 2029 3758 rectores
2060 3696 2307 3779 uiuere,

163 3807 292 3872 11110
355 3783 746 3850 discretione
813 3783 1098 3869 singulas
1165 3806 1451 3871 quasque
1519 3783 1919 3848 audientium
1987 3784 2307 3849 instruere

161 3897 501 3961 personas,
567 3881 635 3938 et
680 3882 922 3960 quanta
979 3873 1490 3939 consideratione
1548 3873 1875 3960 propriam
1922 3871 2157 3937 cotidie
2204 3871 2308 3937 de-
