2723 4326
165 191 258 244 111.
297 191 528 247 25—26.
2173 197 2297 265 153

338 367 526 434 Haec
572 369 825 435 dicente
871 392 1029 456 rege
1091 369 1394 436 fauerunt
1452 369 1815 449 adsidentes
1877 374 2115 459 quique
2163 375 2299 439 siue

163 457 490 524 adstantes
565 459 840 524 maiores
904 482 1034 524 una
1104 482 1251 524 cum
1314 459 1775 545 mediocribus,
1866 474 1932 527 et
1999 462 2299 528 abdica-ta

162 547 372 612 minus
435 548 726 634 perfecta
783 550 1188 614 institutione
1243 547 1326 613 ad
1374 571 1478 634 ea,
1542 572 1708 636 quae
1753 550 2020 616 meliora
2066 573 2300 638 cogno-

161 645 409 722 uerant,
459 659 600 702 sese
643 637 992 703 transferre
1038 637 1449 707 festinabant.

1182 961 1286 1024 26.

161 1117 240 1174 vt
281 1115 534 1173 Colman
569 1116 781 1172 nictus
822 1117 1061 1172 domum
1097 1118 1399 1187 redierit3
1440 1118 1505 1174 et
1544 1119 1715 1175 'Euda
1749 1134 1866 1189 pro
1904 1119 2019 1175 illo
2060 1119 2295 1196 episco-
2364 1169 2369 1174 .

160 1207 311 1275 patu
353 1205 440 1262 sit
477 1205 768 1274 functus3
827 1206 1156 1276 qualisque
1194 1207 1332 1263 illis
1382 1208 1747 1264 doctoribus
1792 1208 1995 1264 fuerit
2044 1208 2295 1265 habitus

746 1329 756 1336 -
1075 1296 1403 1353 ecclesiae.

342 1440 688 1526 Finitoque
749 1439 1049 1506 conflictu
1117 1464 1194 1506 ac
1252 1441 1464 1506 soluta
1522 1441 1817 1507 contione
1886 1440 2301 1527 Agilberctus

160 1527 423 1594 domum
468 1527 682 1596 rediit.
769 1526 1040 1595 Colman
1082 1529 1310 1596 uidens
1357 1539 1644 1616 spretam
1692 1552 1875 1595 suam
1920 1531 2299 1614 doctrinam,

158 1628 534 1704 sectamque
594 1640 734 1684 esse
793 1616 1178 1707 dispectam,
1259 1617 1574 1684 adsumtis
1628 1618 1757 1702 his,
1821 1621 1930 1704 qui
1990 1641 2059 1683 se
2120 1621 2302 1705 sequi

155 1705 522 1791 uoluerunt,
575 1706 643 1772 id
690 1715 789 1772 est
835 1709 947 1794 qui
991 1707 1230 1794 pascha
1277 1707 1663 1773 catholicum
1710 1717 1773 1772 et
1818 1717 2147 1772 tonsuram
2196 1730 2299 1772 co·

159 1819 358 1861 ronae
407 1794 582 1882 (nam
617 1805 684 1861 et
715 1795 794 1861 de
823 1795 947 1860 hoc
978 1797 1264 1882 quaestio
1310 1819 1440 1862 non
1485 1797 1753 1862 minima
1800 1793 1965 1881 erat)
2011 1797 2302 1882 recipere

159 1886 498 1970 nolebant,
565 1881 881 1951 Scottiam
934 1907 1270 1971 regressus
1319 1894 1419 1950 est
1481 1893 1875 1950 tractaturus
1936 1906 2084 1949 cum
2152 1887 2300 1969 suis,

164 1974 319 2060 quid
382 1973 463 2038 de
521 1973 622 2038 his
678 1973 893 2039 facere
963 1972 1248 2040 deberet.
1343 1970 1555 2057 Cedd,
1626 1974 1867 2039 relictis
1931 1971 2303 2040 Scottorum

158 2063 474 2148 uestigiis,
507 2061 590 2126 ad
621 2084 802 2127 suam
837 2062 1054 2128 sedem
1083 2061 1296 2148 rediit,
1344 2072 1569 2150 utpote
1600 2065 1825 2149 agnita
1856 2063 2305 2128 obseruatione

160 2151 464 2217 catholici
517 2150 817 2239 paschae.
909 2152 1117 2218 Facta
1163 2162 1264 2218 est
1309 2162 1529 2219 autem
1585 2151 1745 2218 haec
1802 2153 2090 2239 quaestio
2138 2174 2303 2217 anno

160 2239 522 2307 dominicae
565 2242 1026 2325 incarnationis
1058 2240 1503 2327 DCLXIIIP,
1551 2244 1660 2329 qui
1699 2241 1821 2307 fuit
1861 2264 2065 2306 annus
2098 2238 2303 2306 Osuiu

157 2332 336 2415 regis
360 2328 638 2413 XXII¹²⁸,
689 2332 1094 2417 episcopatus
1141 2341 1359 2397 autem
1407 2329 1802 2412 Scottorum,
1851 2352 2039 2417 quem
2088 2351 2303 2415 gesse·

156 2428 310 2484 runt
368 2420 435 2483 in
494 2418 826 2505 prouincia
884 2419 1280 2505 Anglorum,
1366 2443 1569 2485 annus
1608 2418 1913 2504 *XXXu‘3
1984 2418 2301 2505 siquidem

157 2507 376 2572 Aidan
423 2508 483 2572 X
517 2517 582 2573 et
613 2506 749 2573 VII
793 2510 997 2593 annis,
1046 2509 1255 2574 Finan
1302 2509 1550 2593 decem,
1600 2507 1873 2574 Colman
1916 2508 2123 2573 tribus
2170 2508 2300 2594 epi-

155 2608 498 2683 scopatum
547 2607 833 2662 tenuere.

340 2686 629 2751 Reuerso
686 2695 902 2750 autem
956 2688 1235 2772 patriam
1282 2686 1623 2769 Colmano,
1692 2688 1973 2773 suscepit
2032 2707 2151 2773 pro
2196 2684 2304 2750 illo

158 2773 615 2861 pontificatum
682 2773 1376 2863 Nordanhymbrorum
1438 2776 1715 2841 famulus
1785 2773 2025 2841 Christi
2093 2772 2303 2857 Tuda,

160 2866 276 2950 qui
322 2872 461 2927 erat
507 2864 678 2950 apud
726 2861 982 2929 Scottos
1029 2866 1348 2929 austrinos
1397 2864 1684 2929 eruditus
1732 2872 1927 2950 atque
1975 2862 2303 2929 ordinatus

159 2954 524 3039 episcopus,
571 2951 816 3017 habens
847 2954 1030 3017 iuxta
1075 2975 1323 3019 morem
1369 2955 1739 3039 prouinciae
1786 2954 1953 3018 illius
2002 2974 2303 3021 coronam

157 3053 465 3107 tonsurae
513 3042 1018 3125 ecclesiasticae,
1085 3052 1150 3107 et
1197 3042 1583 3107 catholicam
1629 3044 1940 3129 temporis
1987 3041 2303 3129 paschalis

157 3130 456 3215 regulam
506 3130 886 3195 obseruans:
944 3132 1046 3196 uir
1093 3130 1350 3216 quidem
1401 3131 1606 3195 bonus
1653 3153 1731 3197 ac
1774 3131 2143 3216 religiosuS,
2192 3128 2305 3199 sed

157 3218 537 3307 permodico
583 3229 875 3307 tempore
923 3218 1262 3286 ecclesiam
1309 3242 1565 3305 regens.
1628 3218 1915 3284 Venerat
1960 3228 2179 3284 autem
2228 3215 2305 3284 de

159 3308 435 3393 Scottia,
485 3317 744 3373 tenente
777 3308 984 3373 adhuc
1014 3307 1461 3396 pontificatum
1492 3305 1825 3391 Colmano,
1866 3317 1933 3373 et
1964 3305 2307 3392 diligenter

158 3422 260 3483 ea,
311 3420 485 3484 quae.
522 3398 603 3461 ad
651 3396 844 3462 fidem
891 3407 957 3463 et
1001 3400 1343 3464 ueritatem
1391 3398 1733 3484 pertinent,
1793 3406 1857 3461 et
1902 3397 2103 3461 uerbo
2152 3417 2303 3465 cun-

161 3497 302 3552 ctos
360 3486 638 3552 docebat
693 3495 758 3551 et
813 3508 1025 3572 opere.
1119 3488 1322 3552 Porro
1383 3485 1721 3570 fratribus,
1786 3486 1895 3572 qui
1940 3488 2010 3551 in
2055 3483 2303 3548 Lindie-

159 3575 451 3641 farnensi
481 3574 770 3660 ecclesia,
821 3572 1063 3640 Scottis
1096 3575 1500 3660 abeuntibus,
1548 3597 1884 3640 remanere
1924 3574 2303 3657 maluerunt,

161 3667 570 3753 praepositus
616 3672 713 3728 est
757 3663 1013 3729 abbatis
1056 3666 1198 3729 iure
1243 3667 1345 3729 uir
1398 3666 1957 3729 reuerentissimus
2004 3686 2081 3728 ac
2127 3684 2303 3727 man-

163 3756 568 3820 suetissimus
623 3752 818 3837 Eata,
886 3754 998 3838 qui
1059 3763 1199 3818 erat
1258 3752 1461 3818 abbas
1518 3753 1586 3817 in
1646 3752 2061 3838 monasteriO,
2134 3750 2305 3838 quod

164 3844 400 3909 dicitur
446 3839 746 3905 Mailros:
811 3841 983 3928 quod
1043 3842 1222 3907 aiunt
1268 3840 1647 3907 Colmanum
1694 3842 2019 3908 abiturum
2065 3843 2306 3929 petisse
