2723 4326
167 191 210 244 I.
253 191 340 244 27.
2227 192 2311 256 45

172 367 328 434 dum
383 390 542 432 uero
596 367 1010 454 percipiendo
1071 390 1155 430 ex
1206 367 1547 452 religiosae
1602 369 1775 432 uitae
1830 366 2310 453 consuetudine,

174 458 462 524 eiusdem
525 459 822 543 mysterii
881 478 1100 520 amore
1167 456 1537 544 rapiuntur,
1598 455 2078 542 reprimendae,
2149 460 2315 522 sicut

172 545 636 636 praediximus,
683 568 811 610 non
857 555 1022 611 sunt.
1118 542 1301 611 Siout
1347 547 1522 610 enim
1565 547 1629 609 in
1676 553 2063 610 testamento
2108 549 2315 610 ueteri

175 639 498 702 exteriora
545 658 739 721 opera
783 634 1239 719 obseruantur,
1287 635 1381 699 ita
1426 637 1494 698 in
1539 643 1924 699 testamento
1971 657 2137 700 nouo
2184 658 2314 700 non

173 736 330 810 tam,
381 724 554 811 quod
602 725 884 789 exterius
931 725 1175 809 agitur,
1225 745 1421 809 quam
1467 722 1559 808 id,
1612 721 1781 809 quod
1827 725 2094 788 interius
2142 726 2313 809 cogi-

173 825 380 899 tatur,
431 814 705 879 sollicita
748 814 1102 878 intentione
1149 811 1551 896 adtenditur,
1612 821 1682 877 ut
1728 812 1948 877 subtili
1995 815 2314 878 sententia

173 907 500 992 puniatur.
554 902 728 968 Nam
760 925 907 967 cum
953 902 1157 967 multa
1202 902 1309 966 lex
1347 902 1527 967 uelut
1559 901 1893 967 immunda
1922 901 2313 968 manducare

173 993 541 1080 prohibeat,
594 993 658 1055 in
712 992 1049 1076 euangelio
1091 1000 1310 1056 tamen
1360 991 1656 1056 dominus
1704 990 1859 1057 dicit
1914 989 2033 1078 (eu.
2086 992 2309 1056 Matth„

178 1086 280 1160 15,
311 1080 452 1168 11):
504 1081 674 1146 ‘Non
706 1081 876 1167 quod
921 1084 1115 1145 intrat
1144 1083 1212 1145 in
1245 1103 1332 1162 os,
1384 1081 1754 1166 coinquinat
1798 1081 2152 1165 hominem3
2202 1080 2313 1146 sed

175 1195 340 1258 quae
373 1181 612 1236 exeunt
641 1170 719 1235 de
752 1193 881 1254 ore,
931 1171 1042 1234 illa
1085 1179 1252 1252 sunt,
1301 1191 1467 1256 quae
1500 1173 1913 1256 coinquinant
1942 1169 2312 1235 hominem!

171 1262 390 1347 Atque
436 1260 628 1348 paulo
671 1267 818 1346 post
875 1259 1148 1324 subiecit
1193 1281 1517 1344 exponens
1567 1256 1687 1345 (eu.
1736 1258 1961 1324 Matth.
2016 1261 2117 1344 15,
2158 1258 2304 1346 19):

175 1351 300 1416 ‘Ex
347 1350 542 1415 corde
589 1357 830 1414 exeunt
875 1350 1298 1433 cogitationes
1346 1348 1600 1414 malae.'
1691 1347 1825 1412 Vbi
1884 1349 2164 1413 ubertim
2220 1351 2313 1413 in-

173 1441 460 1505 dicatum
504 1448 622 1522 est,
671 1439 822 1524 quia
866 1436 1024 1502 illud
1071 1438 1152 1502 ab
1186 1439 1623 1523 omnipotente
1654 1437 1775 1502 deo
1824 1438 2138 1524 pollutum
2174 1460 2313 1502 esse

172 1532 237 1594 in
285 1551 482 1616 opere
527 1527 908 1611 ostenditur,
967 1527 1138 1613 quod
1185 1550 1269 1590 ex
1312 1526 1595 1614 pollutae
1640 1527 2052 1611 cogitationis
2097 1525 2314 1592 radice

173 1627 539 1702 generatur.
581 1616 770 1682 Vnde
801 1615 1038 1680 Paulus
1063 1638 1316 1702 quoque
1347 1617 1677 1702 apostolus
1710 1617 1866 1681 dicit
1889 1613 2049 1702 (Tit.
2077 1619 2135 1700 1,
2170 1617 2311 1699 15):

174 1705 440 1772 ‘Omnia
483 1704 722 1771 munda
767 1703 1046 1789 mundis,
1105 1707 1529 1790 coinquinatis
1574 1714 1793 1770 autem
1841 1715 1904 1770 et
1948 1703 2312 1771 infidelibus

171 1797 330 1862 nihil
376 1805 473 1862 est
517 1794 872 1860 mundum.'
952 1793 1170 1880 Atque
1216 1815 1369 1858 mox
1415 1792 1701 1859 eiusdem
1732 1817 1995 1859 causam
2026 1797 2309 1881 coinqui-

171 1887 450 1952 nationis
497 1885 882 1950 adnuntians
930 1883 1293 1968 subiungit:
1347 1880 1799 1969 ‘Coinquinata
1846 1893 1993 1948 sunt
2039 1886 2208 1948 enim
2248 1894 2315 1949 et

171 1999 356 2041 mens
381 1997 602 2042 eorum
628 1983 692 2038 et
716 1973 1146 2039 conscientia.'
1195 1970 1268 2037 Si
1293 1994 1451 2057 ergo
1484 1973 1542 2036 ei
1574 1973 1755 2037 cibus
1788 1973 2154 2038 immundus
2184 1996 2314 2038 non

173 2075 288 2149 est,
325 2067 430 2129 cui
461 2085 640 2128 mens
671 2059 1002 2127 immunda
1033 2083 1162 2126 non
1193 2060 1421 2126 fuerit:
1466 2083 1595 2143 eur,
1633 2062 1804 2147 quod
1835 2062 2073 2126 munda
2096 2073 2312 2127 mente

172 2155 403 2220 mulier
453 2176 536 2219 ex
577 2161 808 2219 natura
855 2152 1126 2239 patitur,
1177 2153 1235 2216 ei
1289 2152 1356 2215 in
1404 2151 1879 2216 immunditiam
1927 2150 2311 2238 reputetur?

349 2242 472 2307 Vir
517 2252 738 2307 autem
785 2264 931 2306 cum
979 2242 1242 2329 propria
1273 2243 1550 2326 coniuge
1582 2242 1924 2323 dormiens,
1973 2242 2097 2305 nisi
2141 2240 2311 2305 lotus

170 2356 360 2419 aqua,
395 2335 638 2397 intrare
669 2332 1008 2397 ecclesiam
1039 2352 1166 2395 non
1196 2329 1421 2414 debet3
1472 2330 1586 2396 sed
1630 2352 1837 2417 neque
1866 2331 2035 2394 lotus
2066 2332 2309 2394 intrare

171 2424 392 2487 statim
451 2422 664 2487 debet.
758 2418 902 2485 Lex
965 2428 1186 2485 autem
1248 2420 1455 2485 ueteri
1513 2420 1753 2507 populo
1817 2420 2177 2506 praecepit,
2236 2428 2309 2483 ut

169 2514 414 2576 mixtus
473 2512 574 2575 uir
632 2511 886 2575 mulieri
945 2519 1009 2574 et
1073 2509 1279 2573 lauari
1342 2531 1515 2596 aqua
1560 2508 1793 2575 debeat
1842 2519 1907 2574 et
1962 2518 2112 2573 ante
2159 2508 2309 2573 solis

169 2623 472 2668 occasum
519 2600 855 2665 ecclesiam
901 2621 1031 2663 11011
1075 2600 1351 2663 intrare:
1403 2598 1575 2685 quod
1604 2607 1825 2663 tamen
1854 2598 2146 2682 intellegi
2179 2598 2306 2684 spi·

169 2690 450 2755 ritaliter
496 2697 728 2777 potest.
823 2686 992 2767 Quia
1037 2688 1290 2753 mulieri
1336 2689 1437 2752 uir
1483 2689 1821 2771 miscetur,
1872 2686 2126 2774 quando
2172 2687 2309 2751 inli-

169 2782 338 2845 citae
387 2780 942 2865 concupiscentiae
987 2780 1238 2841 animus
1285 2778 1351 2840 in
1398 2777 1787 2861 cogitatione
1833 2799 1951 2863 per
1982 2775 2309 2842 delectati-

169 2892 362 2934 onem
411 2869 848 2952 coniungitur3
898 2868 1050 2953 quia
1071 2918 1088 2950 ,
1135 2867 1260 2931 nisi
1306 2868 1486 2953 prius
1533 2868 1704 2951 ignis
1753 2867 2309 2953 concupiscentiae

169 2982 208 3023 a
275 2966 500 3022 mente
568 2956 902 3022 deferueat
920 3007 938 3041 ,
1005 2956 1272 3040 dignum
1340 2979 1409 3020 se
1480 2957 1969 3041 congregationi
2035 2956 2309 3020 fratrum

168 3048 518 3113 aestimare
562 3068 692 3112 non
737 3044 946 3129 debet,
996 3048 1106 3130 qui
1139 3067 1206 3109 se
1238 3046 1500 3129 grauari
1530 3067 1652 3132 per
1680 3046 2033 3132 nequitiam
2066 3067 2309 3131 prauae

168 3137 522 3201 uoluntatis
567 3133 766 3201 uidet.
859 3131 1170 3211 Quamuis
1218 3132 1300 3199 de
1345 3133 1467 3198 hac
1512 3157 1585 3199 re
1630 3134 1924 3199 diuersae
1977 3131 2309 3197 hominum

167 3229 463 3291 nationes
512 3223 770 3290 diuersa
817 3225 1112 3307 sentiant,
1159 3233 1354 3309 atque
1404 3224 1531 3288 alia
1578 3221 1901 3288 custodire
1946 3222 2306 3306 uideantur,

167 3316 609 3381 Romanorum
641 3322 864 3378 tamen
893 3335 1152 3399 semper
1181 3313 1264 3377 ab
1296 3311 1763 3399 antiquioribus
1794 3334 1945 3376 usus
1977 3312 2117 3395 fuit,
2164 3320 2310 3397 post

168 3404 634 3470 admixtionem
680 3402 981 3491 propriae
1029 3404 1341 3488 coniugis,
1392 3412 1458 3467 et
1503 3403 1747 3467 lauacri
1792 3398 2304 3487 purificationem

170 3516 486 3580 quaerere
549 3502 614 3557 et
675 3492 757 3557 ab
818 3494 1116 3578 ingressu
1175 3491 1483 3557 ecclesiae
1542 3490 1872 3577 paululum
1936 3498 2308 3555 reuerenter

169 3585 516 3649 abstinere.
594 3580 738 3646 Nec
773 3580 933 3645 haec
967 3579 1254 3646 dicentes
1287 3581 1544 3665 culpam
1576 3580 1959 3668 deputamus
1992 3602 2131 3645 esse
2164 3600 2309 3644 con-

170 3674 454 3758 iugium3
503 3668 614 3735 sed
648 3672 796 3758 quia
827 3672 966 3756 ipsa
995 3670 1172 3733 licita
1217 3669 1527 3734 admixtio
1570 3670 1861 3754 coniugis
1909 3670 2045 3734 sine
2089 3668 2308 3755 uolup-

173 3770 306 3827 tate
356 3762 568 3825 carnis
614 3758 757 3825 fieri
801 3782 930 3823 non
987 3766 1232 3845 potest,
1301 3783 1342 3824 a
1388 3760 1555 3823 sacri
1599 3759 1726 3823 loci
1772 3761 2066 3845 ingressu
2111 3759 2304 3823 absti-

173 3848 454 3915 nendum
502 3857 626 3933 est3
679 3849 828 3933 quia
872 3848 1168 3935 uoluptas
1207 3850 1350 3936 ipsa
1382 3870 1522 3913 esse
1554 3849 1690 3913 sine
1724 3848 1913 3935 culpa
1942 3850 2305 3915 nullatenus
