2723 4326
393 199 520 262 140
2306 192 2405 246 111.
2443 194 2531 249 22.

390 396 568 459 rege,
615 382 688 437 ut
735 373 979 459 aliquos
1027 372 1149 438 sibi
1197 371 1493 437 doctores
1540 370 1742 455 daret,
1792 373 1902 458 qui
1943 381 2202 456 gentem
2238 392 2420 436 suam
2452 372 2535 436 ad

390 462 586 527 fidem
632 461 874 527 Christi
939 470 1391 527 conuerterant
1458 483 1535 526 ac
1604 462 1783 526 fonte
1846 461 2109 525 salutari
2176 460 2533 528 abluerent.

391 551 484 617 At
514 550 622 617 ille
669 552 933 615 mittens
966 549 1048 615 ad
1079 551 1480 637 prouinciam
1512 549 2136 615 Mediterraneorum
2168 549 2532 634 Anglorum

392 640 695 705 clamauit
741 638 823 703 ad
869 662 939 704 se
985 640 1198 704 uirum
1243 639 1347 704 dei
1394 637 1609 721 Cedd,
1660 647 1723 703 et
1771 637 1920 703 dato
1966 639 2059 703 illi
2107 640 2280 703 socio
2328 638 2533 704 altero

392 729 669 816 quodam
716 729 1117 815 presbyterO,
1169 730 1345 792 misit
1391 728 1763 815 praedicare
1785 727 2057 792 uerbum
2089 729 2271 811 genti
2306 725 2533 793 Orien-

390 818 617 883 talium
650 815 998 883 Saxonum.
1064 817 1194 881 Vbi
1236 840 1384 882 cum
1432 820 1647 881 omnia
1691 816 2213 903 perambulantes
2259 817 2533 880 multam

393 907 651 974 domino
685 906 1022 971 ecclesiam
1055 916 1580 991 congregassent,
1625 905 1898 990 contigit
1927 915 2221 991 tempore
2254 904 2536 991 quodam

394 993 673 1061 eundem
696 994 875 1061 Cedd
905 994 1120 1060 redire
1150 995 1409 1061 domum
1435 1018 1510 1059 ac
1541 997 1879 1081 peruenire
1900 995 1985 1059 ad
2018 994 2353 1059 ecclesiam
2374 993 2531 1059 Lin-

399 1084 909 1150 disfaronensem
931 1093 1197 1170 propter
1219 1086 1625 1170 conloquium
1657 1084 1892 1148 Finani
1914 1085 2219 1170 episcopi.
2269 1081 2399 1162 Qui
2422 1083 2537 1148 ubi

394 1184 846 1261 prosperatum
891 1174 951 1237 ei
999 1195 1158 1259 opus
1205 1174 1524 1257 euangelii
1568 1173 1910 1259 comperit,
1978 1172 2134 1237 fecit
2196 1194 2342 1237 eum
2400 1174 2537 1259 epi-

393 1284 662 1349 scopum
705 1263 774 1325 in
819 1270 1084 1347 gentem
1130 1258 1561 1327 Orientalium
1611 1260 1973 1346 Saxonum,
2041 1263 2287 1325 uocatis
2332 1260 2415 1325 ad
2462 1284 2535 1326 se

396 1354 464 1417 in
508 1352 936 1415 ministerium
985 1350 1403 1415 ordinationis
1463 1350 1603 1415 aliis
1664 1351 1911 1415 duobus
1973 1350 2307 1438 episcopis.
2404 1346 2538 1427 Qui

394 1450 658 1527 accepto
691 1440 898 1525 gradu
931 1440 1336 1525 episcopatus
1382 1440 1573 1504 rediit
1605 1438 1685 1503 ad
1716 1440 2137 1527 prouinciam,
2194 1448 2259 1503 et
2289 1440 2543 1503 maiore

394 1530 782 1594 auctoritate
826 1536 1126 1615 coeptum
1173 1550 1331 1615 opus
1365 1529 1650 1614 explens,
1700 1530 1854 1592 fecit
1885 1550 2004 1614 per
2032 1530 2175 1593 loca
2206 1529 2535 1610 ecclesiae,

394 1618 810 1705 presbyteros
857 1628 920 1682 et
966 1616 1266 1682 diaconos
1329 1617 1676 1701 ordinauit,
1739 1616 1849 1703 qui
1896 1639 1963 1681 se
2009 1618 2075 1681 in
2122 1617 2325 1681 uerbo
2383 1615 2537 1681 fidei

398 1716 462 1772 et
510 1708 863 1771 ministerio
911 1706 1282 1793 baptizandi
1329 1705 1737 1791 adiuuarent,
1804 1707 2087 1771 maxime
2133 1707 2200 1770 in
2248 1706 2536 1790 ciuitate,

397 1817 564 1881 quae
608 1796 831 1881 lingua
876 1792 1206 1861 Saxonum
1252 1794 1714 1860 Ythancaestir
1757 1794 2145 1881 appellatur,
2210 1792 2321 1858 sed
2362 1804 2424 1859 et
2466 1797 2538 1859 in

395 1885 527 1967 illa,
575 1906 742 1971 quae
776 1884 1092 1969 Tilaburg
1139 1886 1656 1970 cognominatur:
1707 1906 1976 1970 quorum
2023 1886 2200 1969 prior
2228 1885 2405 1947 locus
2435 1892 2539 1950 est

396 1974 462 2036 in
507 1975 650 2060 ripa
695 1974 940 2038 Pentae
999 1976 1232 2055 amnis,
1306 1974 1622 2038 secundus
1686 1974 1752 2036 in
1812 1975 1957 2058 ripa
2003 1972 2362 2037 Tamensis.
2454 1973 2539 2037 In

398 2062 659 2148 quibus,
709 2062 975 2127 collecto
1021 2064 1324 2127 examine
1369 2062 1754 2126 famulorum
1800 2060 2068 2144 Christi,
2129 2060 2537 2148 disciplinam

395 2153 568 2216 uitae
611 2151 947 2236 regularis,
994 2152 1061 2216 in
1093 2159 1404 2239 quantum
1444 2148 1635 2216 rudes
1682 2149 1892 2216 adhuc
1939 2173 2170 2238 capere
2216 2159 2535 2237 poterant,

396 2239 702 2306 custodiri
745 2240 984 2306 docuit.

573 2329 868 2416 Cumque
923 2341 1216 2415 tempore
1281 2352 1410 2394 non
1468 2351 1675 2416 pauco
1721 2330 1789 2393 in
1833 2328 2127 2415 praefata
2180 2331 2539 2414 prouincia,

395 2418 718 2504 gaudente
761 2441 946 2502 rege,
1011 2417 1455 2504 congaudente
1500 2421 1801 2483 uniuerso
1846 2418 2111 2505 populo,
2175 2420 2351 2482 uitae
2397 2439 2541 2482 cae-

393 2509 574 2572 lestis
619 2509 934 2572 institutio
982 2506 1371 2572 cotidianum
1420 2516 1699 2572 sumeret
1746 2515 2199 2590 augmentum,
2266 2508 2542 2591 contigit

393 2598 606 2683 ipsum
653 2617 879 2682 regem
925 2598 1276 2682 instigante
1323 2599 1606 2660 omnium
1666 2597 1979 2660 bonorum
2038 2597 2328 2677 inimice,
2388 2617 2539 2681 pro-

393 2688 780 2772 pinquorum
829 2707 1086 2750 suorum
1134 2706 1328 2750 manu
1375 2685 1667 2749 interfici.
1733 2685 1940 2749 Erant
1988 2695 2201 2748 autem
2234 2683 2358 2748 duo
2390 2705 2539 2768 ger-

396 2776 571 2839 mani
615 2774 880 2858 fratres,
931 2775 1040 2860 qui
1085 2774 1207 2838 hoc
1253 2774 1502 2839 facinus
1548 2783 1922 2860 patrarunt3
1991 2776 2099 2859 qui
2148 2795 2293 2837 cum
2340 2774 2537 2837 inter·

394 2872 800 2946 rogarentur,
851 2885 1048 2949 quare
1097 2863 1216 2927 hoc
1262 2863 1570 2946 facerent,
1628 2863 1720 2927 nil
1765 2860 1937 2927 aliud
1982 2861 2375 2948 respondere
2418 2883 2536 2948 po-

395 2961 684 3032 tuerunt,
745 2954 869 3016 nisi
933 2951 1016 3017 ob
1078 2951 1196 3016 hoc
1257 2974 1326 3016 se
1385 2953 1583 3017 iratos
1648 2952 1843 3016 fuisse
1897 2960 1960 3015 et
2019 2953 2311 3015 inimicos
2368 2952 2533 3035 regi,

397 3041 567 3126 quod
613 3041 721 3105 ille
766 3042 1034 3105 nimium
1082 3042 1210 3105 suis
1256 3062 1526 3126 parcere
1572 3041 1805 3106 soleret
1850 3041 2157 3124 inimicis,
2215 3048 2280 3104 et
2326 3039 2535 3103 factas

392 3129 477 3194 ab
526 3129 617 3194 eis
659 3130 926 3194 iniurias
980 3151 1132 3194 mox
1188 3129 1671 3194 obsecrantibus
1724 3128 1981 3215 placida
2035 3137 2251 3193 mente
2306 3128 2536 3192 demit-

393 3228 582 3283 teret.
666 3218 846 3283 Talis
894 3228 1032 3282 erat
1076 3217 1265 3304 culpa
1311 3220 1507 3303 regis,
1555 3240 1674 3304 pro
1723 3239 1849 3303 qua
1895 3217 2310 3301 occideretur,
2363 3217 2536 3302 quod

399 3308 770 3394 euangelica
813 3317 1162 3394 praecepta
1193 3308 1432 3372 deuoto
1464 3305 1657 3372 corde
1690 3316 2010 3371 seruaret:
2058 3309 2124 3370 in
2158 3327 2284 3392 qua
2314 3314 2535 3370 tamen

394 3397 531 3460 eius
577 3405 786 3461 morte
832 3399 1121 3481 innoxia,
1181 3397 1365 3460 iuxta
1419 3396 1818 3484 praedictum
1867 3397 1993 3460 uiri
2039 3395 2170 3479 dei,
2231 3416 2387 3459 uera
2435 3405 2538 3458 est

393 3485 532 3549 eius
575 3485 764 3571 culpa
807 3487 1052 3572 punita.
1116 3483 1458 3551 Habuerat
1506 3487 1675 3550 enim
1722 3507 1884 3549 unus
1931 3505 2013 3548 ex
2057 3483 2176 3566 his,
2227 3484 2335 3569 qui
2383 3505 2535 3548 eum

396 3574 798 3657 occiderunt,
869 3575 1210 3639 comitibus
1284 3574 1597 3638 inlicitum
1666 3575 2063 3658 coniugium,
2151 3571 2321 3657 quod
2381 3593 2529 3636 cum

396 3663 732 3749 episcopus
778 3663 1123 3749 prohibere
1170 3673 1236 3728 et
1281 3666 1609 3748 corrigere
1653 3684 1781 3726 non
1811 3671 2049 3749 posset,
2098 3663 2537 3726 excommuni-

395 3751 570 3813 cauit
615 3773 762 3815 eum
827 3762 1020 3838 atque
1089 3753 1412 3836 omnibus,
1476 3753 1585 3837 qui
1632 3775 1701 3817 se
1748 3751 1969 3817 audire
2014 3751 2281 3831 uellent,
2342 3772 2533 3836 prae·

394 3839 595 3924 cepit,
644 3861 728 3904 ne
774 3838 1029 3905 domum
1080 3843 1216 3906 eius
1262 3843 1577 3906 intra-rent
1622 3863 1832 3927 neque
1879 3840 1958 3905 de
2006 3839 2163 3904 cibis
2211 3838 2377 3903 illius
2425 3861 2530 3903 ac·
