2723 4326
196 194 265 247 11.
302 196 352 250 3.
2256 204 2339 267 69

195 374 525 441 Mellitum
573 373 873 440 uidelicet
919 385 984 440 et
1027 376 1298 441 Iustum.
1361 376 1682 443 Mellitum
1729 377 1987 464 quidem
2033 376 2118 443 ad
2162 401 2346 466 prae-

196 463 550 529 dicandum
595 465 964 550 prouinciae
997 463 1430 531 Orientalium
1463 466 1811 550 Saxonum,
1863 468 1973 553 qui
2022 466 2346 534 Tamense

197 552 397 617 fluuio
445 552 837 618 dirimuntur
864 576 905 619 a
935 554 1186 638 Cantha,
1234 564 1299 620 et
1329 557 1455 643 ipsi
1487 554 1805 622 Orientali
1844 557 2010 621 mari
2034 558 2344 642 contigui,

201 664 479 731 quorum
542 643 917 727 metropolis
983 642 1325 709 Lundonia
1388 646 1613 711 ciuitas
1678 653 1802 729 est,
1874 667 2069 731 super
2135 648 2344 733 ripam

200 730 481 819 praefati
526 730 806 795 fluminis
852 733 1081 819 posita,
1131 742 1197 797 et
1240 735 1387 820 ipsa
1430 734 1774 799 multorum
1833 736 2187 820 emporium
2234 758 2345 822 po·

198 822 502 908 pulorum
533 830 709 885 terra
753 824 1046 908 marique
1088 824 1516 888 uenientium:
1564 824 1629 887 in
1662 844 1788 909 qua
1818 819 2119 889 uidelicet
2150 834 2345 909 gente

197 920 356 975 tnnc
403 911 715 997 temporis
748 907 1024 975 Saberct
1067 933 1270 998 nepos
1300 909 1701 977 Aedilbercti
1744 934 1826 976 ex
1872 934 2089 977 sorore
2119 913 2346 979 Ricula

197 998 559 1084 regnabat,
623 1000 918 1084 quamuis
965 999 1082 1064 sub
1129 1009 1453 1087 potestate
1498 1003 1743 1087 positus
1790 999 2077 1066 eiusdem
2119 1000 2341 1067 Aedil-

198 1089 440 1171 bercti,
493 1090 602 1173 qui
648 1088 975 1171 omnibus,
1023 1099 1096 1154 ut
1141 1111 1215 1152 su
1262 1112 1336 1155 ra
1383 1090 1625 1155 dictum
1671 1099 1796 1174 est,
1845 1112 2046 1177 usque
2091 1091 2174 1155 ad
2220 1102 2344 1157 ter-

198 1179 450 1242 minum
490 1176 831 1241 Humbrae
875 1177 1157 1243 fluminis
1201 1113 1565 1263 Englorum
1614 1179 1915 1264 gentibus
1961 1180 2342 1266 imperabat.

197 1266 333 1331 Vbi
379 1287 540 1330 uero
591 1275 656 1331 et
687 1266 850 1331 haec
894 1268 1227 1352 prouincia
1271 1270 1547 1333 uerbum
1594 1270 1886 1333 ueritatis
1930 1268 2345 1355 praedicante

197 1354 450 1420 Mellito
496 1356 768 1441 accepit,
814 1354 970 1419 fecit
1013 1378 1132 1421 rex
1175 1356 1551 1423 Aedilberct
1593 1360 1661 1422 in
1706 1359 1969 1423 ciuitate
2006 1355 2345 1423 Lundonia

196 1445 543 1509 ecclesiam
591 1445 794 1509 sancti
839 1444 1025 1510 Pauli
1069 1446 1371 1532 apostoli,
1439 1448 1506 1511 in
1553 1468 1679 1532 qua
1724 1447 1937 1512 locum
1994 1447 2164 1513 sedis
2212 1450 2342 1535 epi-

197 1534 478 1620 scopalis
542 1541 608 1598 et
661 1534 802 1620 ipse
862 1542 928 1597 et
992 1556 1391 1600 successores
1458 1537 1593 1600 eius
1663 1535 1995 1601 haberent.
2090 1535 2339 1602 Iustum

194 1644 356 1687 uero
413 1624 481 1686 in
537 1624 680 1707 ipsa
725 1620 957 1687 Cantia
1001 1621 1404 1708 Augustinus
1465 1626 1837 1711 episcopum
1900 1626 2219 1690 ordinauit
2276 1629 2342 1690 in

196 1713 468 1777 ciuitate
529 1711 902 1777 Dorubreui
917 1762 938 1796 ‚
1015 1733 1208 1797 quam
1279 1734 1441 1797 gens
1507 1710 1872 1797 Anglorum
1937 1736 1978 1778 a
2037 1716 2341 1801 primario

198 1799 533 1887 quondam
579 1800 777 1883 illius,
831 1802 940 1886 (1111
988 1798 1324 1866 dicebatur
1366 1801 1565 1886 Hrof,
1618 1801 2192 1868 Hrofaescaestrae
2240 1826 2341 1868 co-

196 1890 558 1974 gnominat.
649 1889 870 1955 Distat
936 1897 1153 1956 autem
1194 1913 1233 1955 a
1279 1890 1650 1955 Doruuerni
1711 1891 1969 1958 milibus
2038 1914 2341 1978 passuum

196 1980 409 2043 ferme
469 1976 757 2043 XXIIII
815 1976 897 2043 ad
962 1979 1391 2062 occidentem,
1461 1980 1529 2043 in
1593 2001 1719 2065 qua
1786 2002 1903 2045 rex
1970 1981 2342 2047 Aedilberct

198 2067 544 2133 ecclesiam
575 2066 752 2132 beati
782 2066 1085 2133 Andreae
1115 2069 1387 2155 apostoli
1433 2068 1606 2153 fecit,
1655 2070 1764 2155 qui
1796 2070 1988 2134 etiam
2022 2072 2339 2157 episcopis

197 2158 536 2244 utriusque
596 2156 784 2222 huius
830 2157 1140 2224 ecclesiae
1186 2158 1355 2223 dona
1399 2157 1628 2242 multa,
1692 2158 1857 2223 sicut
1904 2169 1970 2224 et
2013 2159 2338 2225 Doruuer-

195 2249 434 2331 nensis,
486 2245 745 2330 obtulit3
796 2245 907 2312 sed
955 2255 1021 2312 et
1065 2249 1393 2313 territoria
1438 2270 1515 2313 ac
1560 2249 1994 2335 possessiones
2038 2251 2107 2313 in
2151 2271 2339 2314 usum

196 2357 440 2419 eorum,
493 2339 605 2421 qui
651 2344 836 2401 erant
884 2358 1030 2401 cum
1077 2338 1414 2423 episcopis,
1460 2334 1715 2402 adiecit.

373 2424 742 2490 Defunctus
800 2434 898 2490 est
953 2435 1166 2490 autem
1223 2423 1342 2490 deo
1390 2425 1660 2490 dilectus
1705 2434 1893 2512 pater
1936 2424 2337 2510 Augustinus

197 2522 263 2578 et
316 2515 605 2600 positum
663 2535 893 2601 corpus
949 2516 1085 2580 eius
1139 2515 1312 2579 foras
1366 2515 1550 2579 iuxta
1610 2515 1944 2580 ecclesiam
1999 2516 2336 2581 beatorum

195 2601 634 2688 apostolorum
679 2603 858 2668 Petri
889 2612 953 2668 et
983 2604 1186 2687 Pauli,
1245 2604 1425 2668 cuius
1473 2626 1667 2690 supra
1710 2605 2137 2689 meminimus,
2186 2605 2337 2691 quia

194 2713 274 2756 ea
328 2691 607 2757 necdum
660 2691 872 2756 fuerat
925 2693 1218 2779 perfecta
1270 2713 1391 2756 nec
1446 2691 1760 2758 dedicata.
1852 2692 2011 2758 Mox
2064 2716 2217 2758 uero
2263 2703 2335 2757 ut

192 2778 496 2845 dedicata
541 2788 663 2859 est,
704 2782 873 2845 intro
919 2783 1186 2846 inlatum
1235 2790 1300 2846 et
1343 2783 1414 2846 in
1457 2783 1713 2868 porticu
1756 2781 1922 2847 illius
1968 2781 2335 2869 Aquilonali

194 2868 502 2935 decenter
563 2869 885 2956 sepultum
944 2879 1072 2936 est:
1133 2871 1197 2933 in
1246 2892 1375 2956 qua
1418 2872 1614 2936 etiam
1673 2873 2074 2957 sequentium
2130 2871 2334 2937 archi-

193 2959 644 3044 episcoporum
691 2960 979 3023 omnium
1024 2969 1170 3023 sunt
1216 2981 1488 3046 corpora
1532 2960 1849 3024 tumulata
1890 2970 2149 3048 praeter
2178 2959 2331 3024 duo-

190 3069 336 3110 rum
383 3046 851 3129 tantummodo‚
898 3047 966 3112 id
1012 3056 1110 3112 est
1157 3046 1483 3113 Theodori
1527 3057 1593 3113 et
1622 3047 2015 3134 Berctualdi,
2063 3071 2332 3134 quorum

189 3157 467 3223 corpora
510 3137 581 3201 in
622 3137 766 3222 ipsa
811 3134 1082 3201 ecclesia
1124 3139 1336 3223 posita
1392 3145 1569 3220 sunt,
1631 3159 1707 3202 eo
1770 3137 1939 3223 quod
2001 3137 2332 3223 praedicta

189 3225 481 3311 porticus
541 3225 730 3312 plura
789 3247 1021 3311 capere
1081 3228 1394 3312 nequiuit.
1488 3225 1710 3291 Habet
1770 3226 1932 3291 haec
1993 3228 2059 3290 in
2118 3225 2331 3291 medio

188 3336 356 3400 pene
403 3315 504 3378 sui
547 3313 752 3379 altare
784 3315 849 3378 in
880 3314 1120 3379 honore
1151 3315 1327 3380 beati
1356 3336 1563 3402 papae
1596 3313 1902 3400 Gregorii
1949 3313 2327 3401 dedicatum,
2419 3363 2422 3370 -

189 3405 260 3466 111
329 3425 457 3489 (1110
527 3424 645 3489 per
720 3424 908 3467 omne
999 3403 1339 3469 sabbatum
1403 3426 1444 3468 a
1508 3403 1893 3491 presbytero
1968 3403 2093 3468 loci
2161 3403 2330 3469 illius

188 3491 480 3573 agendae
537 3512 760 3556 eorum
817 3492 1208 3558 sollemniter
1267 3492 1694 3557 celebrantur.
1790 3488 2119 3578 Scriptum
2174 3515 2328 3558 uero

188 3590 288 3645 est
331 3583 398 3646 in
446 3581 680 3646 tumba
735 3580 1020 3646 eiusdem
1064 3581 1417 3668 Augustini
1482 3581 1881 3668 epitaphium
1938 3581 2326 3648 huiusmodi:

187 3669 340 3734 ‘Hic
396 3670 751 3755 requiescit
797 3667 1066 3735 domnus
1111 3669 1515 3755 Augustinus
1560 3670 2076 3736 Doruuernensis
2122 3671 2327 3736 archi-

186 3759 532 3847 episcopus
564 3759 830 3844 primus‚
867 3760 976 3844 qui
1009 3759 1160 3824 olim
1190 3760 1315 3825 huc
1345 3782 1388 3824 a
1417 3758 1607 3824 beato
1641 3757 1965 3846 Gregorio
1995 3760 2327 3825 Romanae

181 3848 356 3914 urbis
403 3845 718 3936 pontifice
763 3845 1043 3912 directus
1091 3857 1156 3914 et
1201 3871 1242 3914 a
1286 3848 1406 3912 deo
1454 3851 1824 3935 operatione
1871 3849 2323 3915 miraculorum
