2723 4326
416 193 543 255 232
2279 191 2343 243 V.
2380 191 2551 246 4—5-

416 377 706 455 tempore
764 368 975 432 uirum
1018 367 1123 433 dei
1170 366 1276 432 illo
1323 365 1406 430 ad
1453 365 1871 432 dedicandam
1920 367 2255 433 ecclesiam
2302 368 2384 432 ab
2434 391 2541 432 eo-

417 457 562 522 dem
609 458 843 536 comite
888 459 1123 523 uocari.
1218 454 1509 542 Cumque
1555 453 1857 520 dedicata·
1892 465 2061 520 esset
2106 457 2393 541 ecclesia,
2442 479 2549 522 ro·

416 548 596 632 gauit
643 567 856 611 comes
889 563 1034 610 eum
1068 543 1148 609 ad
1180 542 1617 631 prandendum
1651 546 1719 608 in
1750 545 2009 609 domum
2040 567 2220 610 suam
2267 545 2545 631 ingredi.

415 635 649 700 Renuit
713 637 1049 722 episcopus
1107 634 1326 698 dicens
1374 657 1443 699 se
1488 633 1569 698 ad
1615 637 2098 719 monasterium,
2164 632 2334 721 quod
2397 657 2546 722 pro-

415 727 589 789 xime
635 735 794 807 erat,
844 721 1078 788 debere
1124 724 1381 788 reuerti.
1474 721 1564 786 At
1610 722 1716 787 ille
1761 723 2057 789 obnixius
2102 723 2400 811 precibus
2448 725 2543 788 in·

416 822 590 878 stans
620 815 799 877 uouit
832 814 1027 877 etiam
1059 835 1127 876 se
1161 812 1547 898 elimosynas
1575 812 1964 899 pauperibus
1996 811 2312 896 daturum,
2356 811 2541 878 dum-

417 899 608 966 modo
653 901 760 967 ille
809 898 1184 985 dignaretur
1231 923 1306 965 66
1354 899 1459 965 (116
1505 898 1765 965 (1611111111
1813 923 1994 966 suam
2038 900 2404 987 ingrediens
2451 904 2540 966 ie·

414 992 660 1056 iunium
704 991 976 1055 soluere.
1045 990 1294 1073 Rogaui
1339 999 1405 1054 et
1452 1011 1574 1075 ego
1621 1011 1747 1055 una
1793 1009 1939 1054 cum
1984 990 2113 1074 illo,
2159 992 2551 1077 promittens

415 1081 611 1144 etiam
677 1103 779 1144 me
839 1080 1221 1164 elimosynas
1268 1080 1334 1143 in
1398 1079 1765 1144 alimoniam
1822 1081 2083 1165 inopum
2142 1079 2322 1162 dare,
2388 1077 2546 1144 dum

416 1170 522 1233 1116
577 1166 833 1232 (1611111111
891 1169 1140 1233 comitis
1195 1189 1545 1255 pransurus
1590 1189 1665 1232 66
1711 1167 2222 1234 benedictionem
2277 1167 2553 1232 daturus

415 1259 703 1322 intraret.
785 1254 1078 1342 Cumque
1125 1255 1247 1320 1166
1291 1256 1473 1320 tarde
1520 1277 1596 1320 ac
1642 1255 1987 1322 difficulter
2033 1259 2546 1344 impetraremus,

415 1347 796 1410 intrauimus
872 1345 953 1410 ad
1027 1343 1465 1410 reficiendum.
1568 1343 1839 1411 Miserat
1912 1355 2129 1410 autem
2205 1347 2550 1433 episcopus

417 1435 694 1517 mulieri,
751 1456 915 1520 quae
959 1431 1214 1499 infirma
1256 1433 1540 1518 iacebat,
1586 1433 1667 1498 de
1714 1454 1879 1520 aqua
1922 1432 2288 1518 benedicta,
2350 1455 2549 1520 quam

416 1524 481 1586 in
513 1521 980 1587 dedicationem
1027 1522 1334 1587 ecclesiae
1382 1533 1887 1607 consecrauerat,
1936 1545 2054 1610 per
2084 1545 2280 1587 unum
2312 1521 2393 1588 de
2422 1523 2552 1606 his,

417 1613 528 1698 qui
558 1629 810 1676 mecum
844 1620 1172 1695 uenerant,
1221 1611 1557 1695 fratribus3
1603 1614 2021 1699 praecipienS,
2055 1621 2125 1676 ut
2156 1612 2549 1697 gustandam

415 1701 507 1764 illi
549 1699 734 1766 daret
765 1710 850 1785 et,
897 1700 1262 1786 ubicunque
1308 1702 1661 1765 maximum
1695 1702 1750 1764 ei
1800 1700 2084 1766 dolorem
2131 1702 2343 1766 inesse
2390 1700 2557 1765 didi-

416 1792 632 1874 cisset,
702 1789 781 1854 de
825 1792 1154 1876 ipsafeam
1200 1811 1371 1876 aqua
1424 1787 1689 1856 leuaret.
1783 1787 1973 1868 Quod
2016 1799 2089 1854 ut
2134 1789 2377 1854 factum
2427 1800 2553 1874 est,

416 1880 694 1944 surrexit
747 1880 966 1944 statim
1018 1879 1248 1944 mulier
1303 1900 1459 1943 sana
1515 1888 1579 1944 et
1623 1899 1751 1942 non
1798 1879 2004 1943 solum
2050 1901 2119 1943 se
2165 1877 2545 1943 infirmitate

411 1967 609 2051 longa
654 1989 894 2050 carere,
944 1968 1055 2033 sed
1101 1976 1166 2032 et
1209 1965 1494 2054 perditas
1541 1965 1780 2031 dudum
1824 1968 1994 2032 uires
2039 1970 2357 2054 recepisse
2398 1990 2541 2032 sen·

413 2057 581 2122 tiens
648 2057 878 2121 obtulit
944 2057 1244 2142 poculum
1307 2057 1607 2143 episcopo
1675 2078 1753 2120 ac
1820 2057 2033 2122 nobis:
2113 2065 2549 2143 coeptumque

409 2145 832 2212 ministerium
879 2145 1062 2211 nobis
1111 2145 1405 2211 omnibus
1444 2141 1826 2233 propinandi
1856 2168 2058 2232 usque
2088 2145 2171 2211 ad
2199 2143 2549 2234 prandium

410 2236 802 2323 completum
846 2258 974 2300 non
1021 2235 1261 2318 omisit3
1310 2236 1566 2299 imitata
1611 2256 1861 2299 socrum
1908 2235 2085 2300 beati
2132 2236 2327 2320 Petri,
2377 2258 2549 2321 quae

413 2348 558 2389 cum
605 2325 881 2391 febrium
928 2324 1153 2389 fuisset
1199 2322 1535 2389 ardoribus
1578 2323 1870 2409 fatigata,
1920 2324 2003 2388 ad
2026 2333 2272 2388 tactum
2318 2346 2557 2389 manus

416 2412 774 2478 dominicae
835 2414 1116 2477 surrexit
1163 2422 1226 2477 et
1273 2413 1547 2477 sanitate
1610 2412 1799 2477 simul
1858 2434 1935 2477 ac
1994 2415 2233 2478 uirtute
2279 2422 2555 2500 recepta

415 2503 822 2567 ministrabat
869 2500 1003 2565 eis.’

1448 2732 1511 2800 5.

536 2888 616 2944 Vt
651 2889 802 2944 item
837 2902 1095 2958 puerum
1133 2887 1380 2945 comltis
1420 2889 1651 2943 orando
1690 2903 1727 2943 a
1762 2888 1962 2944 morte
1999 2888 2425 2946 reuocauerit.

600 3031 747 3097 Alio
792 3034 948 3097 item
993 3040 1127 3097 tem
1177 3053 1284 3096 ore
1330 3028 1595 3096 uocatus
1626 3031 1711 3097 ad
1743 3031 2162 3097 dedicandam
2205 3033 2551 3097 ecclesiam

427 3122 678 3188 comitis
721 3120 1031 3186 uocabulo
1062 3118 1125 3185 A
1214 3122 1253 3205 i,
1304 3143 1451 3185 cum
1496 3120 1888 3207 postulatum
1936 3120 2316 3207 complesset
2364 3122 2552 3185 mini-

425 3212 719 3293 sterium,
785 3218 1047 3294 rogatus
1109 3218 1208 3273 est
1253 3206 1335 3273 ab
1384 3209 1608 3274 eodem
1654 3210 1888 3273 comite
1934 3211 2178 3275 intrare
2223 3209 2306 3273 ad
2351 3231 2553 3274 unum

425 3300 504 3365 de
549 3300 766 3387 pueris
815 3300 970 3381 eius,
1020 3299 1129 3383 qui
1174 3299 1489 3363 acerrima
1532 3296 1933 3381 aegritudine
1978 3298 2411 3385 premebatur,
2460 3299 2557 3362 ita

424 3397 516 3468 ut,
564 3386 902 3453 deficiente
948 3387 1198 3473 penitus
1243 3390 1416 3450 omni
1470 3388 1905 3451 membrorum
1953 3387 2195 3470 officio,
2257 3388 2551 3451 iamiam-

428 3498 552 3563 que
598 3477 944 3541 moriturus
993 3498 1132 3540 esse
1179 3473 1539 3559 uideretur3
1588 3476 1691 3539 6111
1736 3477 1929 3541 etiam
1960 3475 2209 3540 loculus
2236 3477 2365 3539 iam
2396 3484 2558 3539 tunc

429 3580 568 3630 erat
613 3573 1034 3651 praeparatus
1052 3613 1070 3645 ,
1135 3565 1203 3627 in
1248 3586 1377 3649 quo
1422 3560 1761 3629 defunctus
1806 3563 1993 3629 condi
2039 3566 2323 3629 deberet.
2417 3563 2557 3628 Ad·

429 3652 590 3717 didit
636 3664 849 3718 autem
893 3656 994 3717 1111·
1040 3654 1238 3717 etiam
1280 3654 1581 3717 lacrimas
1623 3652 1944 3740 precibus,
1992 3654 2337 3738 diligenter
2367 3652 2553 3718 obse-

434 3762 639 3825 crans,
686 3753 758 3805 ut
802 3743 1072 3806 intraret
1119 3750 1415 3807 oraturus
1462 3764 1576 3829 pro
1623 3742 1729 3806 illo
1743 3794 1761 3827 ,
1820 3743 1971 3828 quia
2014 3743 2286 3806 multum
2332 3764 2553 3807 neces-

435 3830 602 3893 saria
649 3830 770 3894 sibi
817 3839 984 3897 esset
1025 3832 1164 3895 uita
1207 3832 1441 3916 ipsius3
1500 3829 1795 3897 crederet
1849 3852 2032 3915 uero,
2101 3832 2283 3917 quia,
2333 3831 2387 3894 si
2444 3830 2558 3895 ille

2690 399 2703 436 A
