2723 4326
189 213 315 266 1111.
355 213 440 268 12.
2196 215 2324 278 185

192 387 403 474 Hrofi,
450 391 518 454 in
566 412 694 474 qua
739 399 878 455 erat
923 389 1120 454 Putta
1166 391 1525 476 episcopua,
1575 392 1869 476 quamuis
1916 413 1990 454 eo
2036 400 2333 477 tempore

195 479 449 562 absens,
499 481 819 543 communi
864 477 1043 544 clade
1088 479 1420 546 absumsit.
1485 477 1674 557 Quod
1705 479 1813 544 ille
1844 478 1956 543 ubi
1994 482 2328 565 comperit,

197 569 532 634 ecclesiam
585 566 886 633 uidelicet
931 590 1112 633 suam
1166 567 1360 632 rebus
1414 567 1645 632 ablatis
1702 567 1994 632 omnibus
2051 567 2331 654 depopu-

194 657 422 740 latam,
495 655 758 721 diuertit
802 656 885 722 ad
930 655 1314 724 Sexuulfum
1359 654 1754 721 Merciorum
1818 658 2198 740 antistitem,
2268 666 2331 721 et

196 755 469 833 accepta
525 747 607 810 ab
669 767 744 810 6ο
849 747 1204 812 ossessione
1262 744 1569 810 ecclesiae
1628 744 1958 810 cuiusdam
2018 754 2082 810 et
2136 744 2333 830 agelli

196 857 326 900 non
374 833 654 920 grandis,
701 768 942 899 ἰὺίἕθῑῑι
987 837 1052 899 in
1097 857 1258 922 pace
1304 837 1508 899 uitam
1553 833 1779 918 finiuit,
1826 834 1919 898 nil
1962 836 2218 898 omnino
2251 831 2332 898 de

197 922 616 989 restaurando
663 925 1037 1010 episcopatu
1068 947 1181 989 suo
1227 945 1455 1008 agens:
1504 926 1674 1010 quia,
1723 926 1888 989 sicut
1933 946 2128 1010 supra
2174 922 2330 987 dixi-

197 1035 363 1097 mus,
409 1013 618 1096 magis
649 1014 713 1076 in
746 1012 1192 1078 ecclesiasticis
1238 1035 1431 1098 quam
1476 1015 1541 1076 in
1573 1011 1910 1077 mundanis
1954 1012 2147 1077 rebus
2194 1021 2337 1076 erat

198 1100 576 1184 industrius3
640 1099 751 1166 sed
797 1103 864 1164 in
908 1102 1018 1166 illa
1065 1101 1268 1166 solum
1317 1102 1589 1166 ecclesia
1634 1099 1753 1165 deo
1815 1103 2132 1184 seruiens,
2195 1102 2331 1164 ubi-

200 1213 475 1276 cumque
521 1190 902 1276 rogabatur,
967 1189 1052 1254 ad
1099 1189 1388 1255 docenda
1434 1191 1742 1256 ecclesiae
1788 1192 2076 1254 carmina
2121 1189 2330 1254 diuer-

199 1291 362 1344 tens.
455 1280 584 1344 Pro
632 1301 757 1365 quo
808 1277 1184 1344 Theodorus
1229 1281 1296 1345 in
1343 1280 1606 1344 ciuitate
1651 1277 1839 1344 Hrofi
1888 1276 2335 1344 cuichelmum

203 1369 603 1434 consecrauit
658 1369 1052 1455 episcopum.
1147 1368 1276 1433 Sed
1319 1368 1429 1432 illo
1479 1377 1630 1456 ’post
1674 1390 1803 1433 non
1858 1369 2129 1432 multum
2174 1377 2329 1432 tem·

199 1459 396 1544 poris,
445 1479 599 1543 prae
643 1457 859 1542 inopia
903 1479 1140 1541 rerum,
1200 1458 1281 1523 ab
1329 1459 1702 1544 episcopatu
1748 1455 2097 1522 decedente
2140 1467 2339 1541 atque

201 1545 282 1611 ad
343 1545 472 1610 alia
528 1545 671 1610 loca
738 1545 1106 1628 secedente,
1178 1544 1635 1612 Gebmundum
1694 1568 1811 1632 pro
1870 1566 1946 1610 eo
2006 1545 2341 1610 substituit

204 1636 574 1702 antistitem.

381 1723 573 1788 Anno
637 1722 994 1788 dominicae
1058 1724 1517 1787 incarnationis
1572 1720 2157 1806 D⁰OLXX⁰VIII⁰,
2228 1721 2339 1806 qui

205 1822 304 1878 est
350 1834 553 1877 annus
611 1813 865 1900 imperii
921 1813 1097 1897 regis
1143 1811 1443 1897 Ecgfridi
1487 1809 1676 1876 VIII.
1692 1862 1710 1895 ,
1774 1813 2075 1897 apparuit
2116 1831 2341 1874 mense

204 1901 505 1986 Augusto
552 1901 765 1984 stella,
814 1922 978 1986 quae
1025 1899 1258 1965 dicitur
1301 1910 1577 1983 cometa3
1651 1909 1715 1964 et
1760 1900 1966 1965 tribus
2012 1899 2341 1964 mensibus

204 2011 611 2077 permanens,
657 1991 992 2054 matutinis
1037 1989 1212 2054 horis
1259 1989 1605 2072 oriebatur,
1664 1988 1982 2054 excelsam
2030 1989 2338 2053 radiantis

203 2078 504 2144 flammae
564 2080 748 2165 quasi
809 2079 1168 2143 columnam
1227 2079 1616 2165 praeferens.
1711 2077 1855 2157 Quo
1916 2079 2110 2142 etiam
2170 2099 2339 2141 anne

207 2179 350 2233 orta
411 2172 578 2233 inter
647 2171 856 2256 ipsum
919 2190 1145 2253 regem
1178 2167 1575 2252 'Ecgfridum
1630 2176 1695 2231 et
1747 2169 2336 2232 reuerentissimum

207 2260 562 2323 antistitem
597 2255 941 2321 vilfridum
987 2257 1402 2339 dissensione,
1449 2256 1668 2344 pulsus
1715 2266 1811 2321 est
1856 2255 2027 2320 idem
2073 2258 2343 2321 antistes

206 2370 250 2410 a
293 2346 446 2411 sede
493 2348 590 2410 sui
651 2347 1090 2434 episcopatus,
1153 2355 1219 2411 et
1264 2345 1390 2410 duo
1436 2348 1503 2411 in
1549 2346 1760 2409 locum
1811 2347 1945 2410 eius
2008 2343 2337 2409 substituti

207 2436 519 2522 episcopi,
585 2438 697 2521 qui
741 2433 1435 2521 Nordanhymbrorum
1478 2437 1659 2520 genti
1702 2444 2096 2520 praeessent:
2167 2432 2340 2497 Bosa

203 2524 538 2609 uidelicet,
601 2525 711 2610 qui
756 2525 1106 2601 Derorum,
1173 2533 1238 2589 et
1282 2523 1479 2607 Eata,
1542 2525 1653 2609 qui
1697 2523 2138 2590 Berniciorum
2190 2544 2340 2609 pro·

206 2614 489 2677 uinciam
565 2612 983 2696 gubernaret:
1062 2612 1165 2677 hic
1232 2614 1300 2677 in
1376 2614 1636 2678 ciuitate
1702 2611 1985 2677 Eburaci
2000 2660 2019 2693 ,
2095 2610 2202 2675 ille
2271 2612 2340 2673 in

208 2700 719 2787 Hagustaldensi
777 2703 911 2766 siue
957 2704 1025 2773 in
1069 2701 1582 2767 Lindisfarnensi
1640 2701 1910 2766 ecclesia
1970 2697 2341 2764 cathedram

207 2790 454 2855 habens
516 2790 976 2877 episcopalem,
1039 2792 1233 2856 ambo
1296 2789 1377 2854 de
1438 2789 1894 2855 monachorum
1958 2788 2228 2873 collegio
2272 2788 2341 2852 in

209 2881 612 2966 episcopatus
658 2880 931 2964 gradum
976 2878 1223 2945 adsciti.
1319 2879 1486 2945 Oum
1531 2880 1763 2966 quibus
1810 2888 1876 2945 et
1920 2876 2230 2943 Eadhaed
2276 2879 2343 2941 in

210 2969 545 3054 prouincia
587 2966 1128 3051 Lindisfarorum,
1200 2990 1395 3053 quam
1454 2969 1823 3055 nuperrime
1880 2990 1999 3032 rex
2046 2965 2341 3051 Ecgfrid,

211 3066 512 3142 superato
558 3058 625 3121 in
656 3056 822 3121 bello
855 3066 918 3121 et
948 3057 1168 3139 fugato
1201 3056 1531 3141 Vulfhere,
1581 3056 1964 3135 obtinuerat,
2014 3055 2344 3120 ordinatur

211 3148 568 3231 episcopus.
660 3145 748 3210 Et
793 3144 962 3210 hunc
1016 3147 1296 3233 primum
1349 3144 1572 3210 eadem
1627 3146 1957 3232 prouincia
2010 3145 2340 3230 proprium

210 3236 463 3320 accepit
491 3234 875 3321 praesulem,
925 3233 1274 3299 secundum
1305 3233 1607 3316 Ediluini,
1655 3236 1915 3298 tertium
1946 3231 2343 3316 Eadgarum,

211 3332 511 3409 quartum
542 3322 1020 3408 cyniberctum,
1069 3345 1260 3409 quem
1291 3326 1360 3387 in
1389 3324 1715 3409 praesenti
1761 3322 1972 3387 habet.
2034 3320 2342 3385 Habebat

211 3414 384 3477 enim
429 3420 577 3475 ante
621 3411 1070 3494 Eadhaedum,
1125 3414 1481 3477 antistitem
1528 3409 1936 3495 Sexuulfum,
1987 3412 2097 3495 qui
2144 3411 2343 3474 etiam

211 3500 606 3565 Merciorum
651 3510 714 3564 et
759 3498 1380 3565 Mediterraneorum
1425 3500 1787 3585 Anglorum
1848 3500 2036 3564 simul
2096 3500 2338 3585 episco-

215 3611 334 3676 pus
381 3590 531 3653 fuit:
598 3587 766 3654 unde
815 3599 880 3654 et
927 3590 1227 3677 expulsus
1275 3588 1354 3653 de
1401 3588 1711 3673 Lindissi,
1774 3592 1842 3653 in
1886 3588 2139 3653 illarum
2198 3608 2343 3674 pro—

211 3678 568 3743 uinciarum
643 3679 956 3762 regimine
1031 3679 1401 3763 permansit.
1528 3676 1825 3743 Ordinati
1902 3686 2049 3741 sunt
2124 3686 2341 3743 autem

210 3766 550 3848 Eadhaed,
605 3764 781 3831 Bosa
826 3776 892 3832 et
935 3766 1105 3831 Eata
1148 3765 1429 3832 Eboraci
1475 3766 1557 3831 ab
1604 3766 2084 3851 archiepiscopo
2132 3764 2342 3830 Theo·-

203 3854 397 3921 doro:
470 3856 580 3940 qui
644 3858 837 3920 etiam
901 3864 1049 3942 post
1111 3864 1240 3919 tres
1305 3856 1727 3921 abscessionis
1790 3854 2067 3937 Vilfridi·
2120 3875 2341 3939 annos,
