2723 4326
456 222 583 286 170
2373 218 2601 275 1111.3.

446 397 841 463 uenientium
875 394 957 461 de
1004 395 1199 461 caelis
1246 417 1438 483 super
1484 396 1836 462 oratorium
1885 393 2007 460 hoc
2053 404 2120 460 et
2151 404 2303 483 post
2333 405 2599 483 tempus
2718 384 2719 467 ἶ

444 486 850 551 redeuntium
910 483 995 549 ad
1052 484 1329 549 caelos‘?’
1421 482 1790 571 Respondet
1835 484 1975 549 ille:
2042 482 2138 551 ‘Si
2177 507 2408 551 uocem
2451 508 2599 551 car-

444 576 637 640 minis
684 574 920 639 audisti
964 582 1029 639 et
1074 572 1386 639 caelestes
1451 575 1862 660 superuenire
1921 582 2140 638 coetus
2201 577 2592 659 cognouisti,

442 664 771 752 praecipio
828 662 946 727 tibi
991 663 1058 728 in
1103 664 1361 728 nomine
1420 660 1690 747 domini,
1752 685 1836 727 ne
1893 660 2016 730 hoc
2073 664 2378 749 cuiquam
2435 673 2595 731 ante

443 776 663 819 meum
696 751 942 818 obitum
972 749 1169 816 dicas.
1232 750 1330 815 Re
1359 773 1519 816 uera
1562 761 1780 823 autem
1823 751 2204 835 angelorum
2249 751 2431 817 fuere
2463 755 2594 839 spi-

442 844 627 925 ritus,
685 842 796 928 qui
844 863 946 905 me
992 839 1077 905 ad
1122 839 1444 923 caelestia,
1499 862 1664 926 quae
1710 862 1968 927 semper
2011 840 2312 905 amabam
2356 864 2438 907 ac
2482 843 2593 907 de-

445 929 828 1013 siderabam,
876 930 1163 1015 praemia
1207 951 1444 995 uocare
1488 937 1806 995 uenerunt
1851 940 1916 994 et
1959 939 2108 1015 post
2153 928 2288 995 dies
2330 928 2472 994 VH
2523 955 2592 999 se

444 1018 763 1085 redituros
828 1041 906 1083 ac
974 1040 1080 1083 me
1148 1040 1369 1083 secum
1436 1015 1827 1083 adducturos
1897 1040 2039 1085 esse
2106 1020 2568 1104 promiserunt.
2577 1026 2592 1052 ²

445 1107 635 1188 Quod
683 1105 943 1195 quidem
986 1108 1108 1191 ita,
1168 1116 1243 1173 ut
1300 1107 1543 1172 dictum
1592 1110 1653 1172 ei
1699 1116 1870 1189 erat,
1938 1129 2134 1193 opere
2193 1108 2594 1195 completum

445 1208 565 1265 est.
653 1196 829 1263 Nam
873 1195 1216 1261 confestim
1260 1197 1574 1279 languore
1617 1198 1902 1284 corporis
1949 1205 2158 1261 tactus
2207 1206 2307 1261 est
2353 1208 2422 1262 et
2469 1198 2593 1263 hoc

444 1310 563 1374 per
609 1283 745 1350 dies
790 1288 1303 1369 ingrauescente,
1353 1286 1648 1371 septimo,
1698 1295 1768 1349 ut
1812 1287 2199 1372 promissum
2245 1287 2308 1350 ei
2351 1285 2589 1371 fuerat,

443 1377 552 1441 die
598 1384 941 1461 postquam
988 1373 1237 1437 obitum
1284 1396 1470 1439 suum
1503 1372 1806 1440 dominici
1838 1375 2122 1461 corporis
2156 1383 2221 1439 et
2254 1378 2592 1461 sanguinis

445 1465 859 1551 perceptione
902 1463 1208 1545 muniuit,
1275 1463 1486 1528 soluta
1531 1464 1612 1527 ab
1665 1464 1992 1547 ergastulo
2038 1464 2324 1549 corporis
2373 1467 2595 1529 anima

445 1561 697 1634 sancta,
766 1551 1175 1634 ducentibus,
1244 1560 1317 1616 ut
1365 1552 1539 1617 credi
1585 1552 1684 1617 fas
1731 1561 1854 1637 est,
1925 1553 2171 1637 angelis
2240 1554 2588 1619 comitibus

444 1651 709 1707 aeterna
740 1639 979 1726 gaudia
1017 1641 1271 1727 petiuit.
1334 1640 1487 1705 Non
1517 1649 1736 1706 autem
1767 1642 2020 1725 mirum,
2069 1644 2125 1707 si
2156 1641 2326 1707 diem
2357 1645 2590 1707 mortis

446 1731 551 1797 uel
644 1732 809 1795 otius
854 1728 1028 1794 diem
1073 1729 1313 1795 domini
1358 1730 1565 1795 laetus
1610 1732 1884 1817 aspexit,
1933 1752 2124 1818 quem
2157 1752 2434 1818 semper,
2481 1754 2584 1797 us-

446 1755 727 1906 quedum
773 1821 1046 1901 ueniret,
1096 1819 1404 1885 sollicitus
1450 1827 1826 1905 exspectare
1873 1820 2142 1888 curauit.

622 1908 925 1995 Namque
969 1910 1139 1973 inter
1179 1907 1366 1994 plura
1410 1909 1858 1993 continentiae,
1905 1908 2302 1989 humilitatis,
2350 1907 2589 1973 doctri-

445 2020 589 2081 nae,
637 1998 1021 2081 orationum,
1073 1995 1472 2061 uoluntariae
1517 1998 1917 2084 paupertatis
1963 2006 2031 2063 et
2075 2007 2433 2063 ceterarum
2458 2000 2590 2061 uir-

445 2095 656 2151 tutum
704 2088 935 2151 merita
978 2088 1047 2151 in
1091 2084 1343 2149 tantum
1395 2096 1536 2150 erat
1580 2086 1795 2150 timori
1843 2086 2085 2151 domini
2132 2084 2452 2170 subditus,
2519 2089 2591 2153 in

444 2185 700 2242 tantum
758 2177 1252 2241 nouissimorum
1316 2197 1576 2250 suorum
1621 2177 1687 2239 in
1735 2177 2032 2242 omnibus
2092 2176 2394 2262 operibus
2452 2179 2587 2242 suis

444 2287 721 2350 memor,
782 2275 877 2350 ut,
928 2266 1093 2328 sicut
1138 2263 1297 2328 mihi
1342 2264 1544 2329 frater
1591 2263 1850 2351 quidam
1898 2263 1978 2330 de
2021 2265 2148 2347 his,
2211 2266 2321 2350 qui
2367 2287 2473 2330 me
2519 2268 2586 2330 in

448 2356 785 2441 scripturis
833 2352 1232 2437 erudiebant,
1283 2361 1346 2418 et
1395 2362 1536 2418 erat
1579 2355 1646 2420 in
1691 2356 2080 2419 monasterio
2103 2377 2184 2420 ac
2213 2356 2594 2438 magisterio

446 2443 617 2509 illius
665 2442 1001 2524 educatus,
1064 2441 1379 2506 uocabulo
1428 2441 1846 2528 Trumberct,
1909 2443 2152 2508 referre
2195 2444 2475 2525 solebat,
2536 2447 2593 2508 si

447 2533 617 2598 forte
674 2533 935 2617 legente
998 2553 1075 2595 eo
1133 2531 1239 2595 uel
1298 2530 1472 2596 aliud
1532 2530 1684 2617 quid
1743 2541 2007 2617 agente,
2073 2542 2341 2618 repente
2398 2531 2592 2598 flatus

446 2623 627 2686 uenti
684 2622 888 2686 maior
948 2619 1357 2704 adsurgeret,
1422 2622 1721 2687 continuo
1782 2622 2286 2694 misericordiam
2347 2620 2593 2686 domini

448 2711 782 2776 inuocaret
826 2718 892 2774 et
939 2731 1083 2773 eam
1130 2709 1355 2793 generi
1401 2708 1679 2774 humano
1734 2711 2076 2797 propitiari
2139 2719 2423 2794 rogaret.
2517 2709 2592 2777 Si

450 2808 669 2862 autem
714 2798 1055 2863 uiolentior
1100 2820 1263 2864 aura
1316 2799 1669 2881 insisteret,
1740 2800 1868 2863 iam
1915 2799 2132 2864 clauso
2178 2798 2398 2864 codice
2441 2823 2588 2886 pro-

452 2886 697 2952 cideret
740 2890 805 2951 in
830 2887 1064 2952 faciem
1108 2895 1305 2973 atque
1352 2887 1648 2952 obnixius
1696 2889 1968 2954 orationi
2013 2889 2434 2953 incumberet.
2499 2887 2594 2953 At

452 2975 507 3039 si
550 2976 831 3062 procella
875 2975 1102 3040 fortior
1146 2985 1258 3040 aut
1302 2975 1559 3040 nimbus
1618 2986 2029 3063 perurgeret,
2090 2977 2195 3041 uel
2241 2979 2440 3043 etiam
2489 3000 2592 3042 co-

450 3065 623 3130 rusci
668 3087 745 3130 ac
786 3067 1074 3130 tonitrua
1130 3072 1337 3132 terras
1385 3074 1450 3128 et
1494 3086 1645 3130 aera
1704 3074 2050 3150 terrerent,
2110 3075 2265 3131 tunc
2325 3068 2592 3132 ueniens

450 3153 536 3220 ad
583 3153 921 3220 ecclesiam
968 3153 1275 3218 sollicitus
1322 3154 1720 3219 orationibus
1765 3177 1842 3220 ac
1887 3155 2181 3242 psalmis,
2243 3153 2453 3222 donec
2499 3179 2595 3222 se·

449 3245 693 3309 renitas
738 3245 906 3308 aeris
950 3240 1213 3324 rediret,
1260 3240 1391 3306 fixa
1436 3252 1650 3309 mente
1695 3254 1976 3312 uacaret.
2054 3243 2350 3331 Cumque
2397 3246 2594 3310 inter—

449 3343 789 3417 rogaretur
835 3354 874 3397 a
920 3333 1081 3414 suis,
1141 3352 1340 3416 quare
1387 3330 1509 3397 hoc
1554 3332 1828 3418 faceret,
1890 3331 2354 3419 respondebat:
2425 3334 2510 3399 ‘N
2514 3357 2596 3403 011

448 3421 721 3506 legistis,
764 3417 1461 3508 quia(Psalm.17‚14.
1490 3418 1604 3508 15)
1633 3422 1952 3525 „intonuit
1971 3421 2051 3486 de
2076 3422 2251 3487 caelo
2274 3420 2595 3508 dominus,

453 3520 522 3575 et
540 3511 887 3575 altissimus
919 3508 1097 3574 dedit
1128 3531 1357 3573 uocem
1382 3531 1592 3594 suam3
1642 3511 1816 3575 misit
1848 3513 2119 3596 sagittas
2151 3533 2298 3576 suas
2325 3522 2395 3576 et
2416 3511 2596 3578 dissi-

451 3600 633 3683 pauit
664 3622 793 3682 eos,
840 3597 1100 3682 fulgura
1130 3597 1584 3686 multiplicauit
1603 3608 1669 3663 et
1693 3601 2104 3668 conturbauit
2126 3596 2271 3664 eos“
2286 3599 2320 3663 ‘?
2369 3599 2598 3670 Mouet

454 3687 626 3750 enim
650 3710 802 3755 aera
827 3685 1141 3769 dominus,
1161 3697 1390 3752 uentos
1406 3689 1668 3769 excitat,
1692 3689 2005 3754 iaculatur
2020 3688 2293 3774 fulgora,
2317 3687 2402 3768 de
2419 3691 2596 3759 caelo

452 3775 725 3860 intonat,
770 3785 843 3840 ut
887 3773 1250 3860 terrigenas
1297 3775 1380 3843 ad
1425 3737 1782 3842 timendum
1829 3800 1899 3843 se
1945 3780 2230 3862 suscitet,
2278 3787 2352 3854 ut
2402 3765 2601 3846 corda

456 3882 679 3928 eorum
723 3866 791 3928 in
836 3866 1217 3928 memoriam
1263 3864 1462 3932 futuri
1507 3864 1702 3930 iudici
1728 3877 2039 3950 reuocet,
2103 3876 2176 3931 ut
2223 3869 2602 3952 superbiam
