2723 4326
93 247 162 299 11.
203 247 292 302 11.
2149 251 2231 316 85

240 422 642 497 ,Didicimus
687 445 963 510 namque
1009 424 1443 508 referentibus
1489 422 1607 508 his,
1660 425 1767 512 qui
1808 423 1889 489 ad
1933 447 2051 490 nos
2098 425 2235 511 glo-

92 514 250 577 riosi
299 512 415 578 filii
443 515 647 578 nostri
679 512 1050 579 Audubaldi
1094 517 1270 598 regis
1315 514 1704 579 laudabilem
1754 517 2235 583 conuersionem

92 603 470 667 nuntiantes
528 613 985 689 peruenerunt,
1048 602 1217 690 quod
1266 605 1462 668 etiam
1521 613 1741 668 uestra
1796 605 2007 689 gloria
2052 602 2234 669 Chri-

95 693 350 757 stianae
414 688 565 756 fidei
629 702 926 777 suscepto
989 692 1270 758 mirabili
1335 702 1737 758 sacramento
1806 694 1929 780 piis
1990 703 2053 758 et
2115 694 2235 760 deo

93 780 360 867 placitis
389 781 630 866 iugiter
661 781 962 867 operibus
994 784 1325 864 enitescat,
1374 782 1456 847 ab
1488 781 1801 848 idolorum
1834 783 2028 846 etiam
2062 783 2238 848 cultu

92 892 208 934 seu
255 869 552 934 fanorum
609 871 1152 956 auguriorumque
1197 870 1533 936 inlecebris
1580 893 1649 936 se
1706 870 2047 955 diligenter
2094 871 2235 936 abs-

89 960 333 1044 tineat,
399 968 463 1024 et
521 960 614 1023 ita
671 960 738 1023 in
803 981 1025 1044 amore
1083 959 1467 1025 redemtoris
1528 960 1624 1024 sui
1685 961 2071 1025 immutilata
2130 961 2236 1027 de-

89 1047 358 1113 uotione
403 1049 755 1134 persistens
801 1048 1113 1134 inuigilet,
1160 1058 1232 1113 ut
1263 1048 1346 1114 ad
1378 1047 1770 1114 dilatandam
1805 1047 2236 1115 Christianam

90 1134 289 1200 fidem
336 1137 800 1202 incessabiliter
827 1159 954 1202 non
1002 1137 1272 1203 desistat
1291 1160 1556 1224 operam
1588 1138 2023 1204 commodare:
2059 1161 2232 1203 cum-

93 1247 222 1312 que
271 1224 354 1290 de
401 1225 680 1310 glorioso
741 1229 1014 1312 coniuge
1066 1237 1284 1292 uestro
1343 1235 1614 1313 paterna
1676 1229 1906 1292 caritas
1966 1229 2235 1294 sollicite

89 1317 539 1401 perquisisset,
588 1317 1028 1401 cognouimus,
1077 1316 1247 1402 quod
1279 1325 1545 1381 eatenus
1578 1316 2019 1381 abominandis
2052 1317 2237 1382 idolis

89 1404 386 1468 seruiens
433 1401 513 1468 ad
562 1405 1032 1490 suscipiendam
1079 1428 1302 1470 uocem
1396 1403 1866 1470 raedicatorum
1896 1428 2076 1470 suam
2108 1405 2233 1470 dis-

88 1493 317 1557 tulerit
379 1492 852 1559 oboedientiam
910 1493 1236 1560 exhibere.
1329 1428 1477 1572 (Sua
1539 1517 1620 1558 ex
1663 1517 1735 1559 re
1799 1517 1926 1560 non
1984 1494 2235 1560 modica

88 1582 282 1647 nobis
329 1580 690 1647 amaritudo
739 1592 1050 1669 congesta
1095 1592 1211 1668 est,
1261 1583 1344 1648 ab
1394 1606 1490 1667 eo,
1540 1581 1708 1669 quod
1754 1606 1904 1670 pars
1952 1585 2235 1671 corporis

88 1671 300 1736 uestri
363 1670 444 1735 ab
507 1673 836 1756 agnitione
897 1694 1184 1738 summae
1245 1681 1309 1736 et
1367 1670 1739 1738 indiuiduae
1793 1673 2095 1760 trinitatis
2140 1697 2236 1738 re-

89 1761 334 1824 mansit
383 1768 708 1826 extranea.
779 1758 968 1826 Vnde
1013 1763 1300 1847 paternis
1348 1760 1573 1825 officiis
1618 1770 1875 1826 uestrae
1922 1761 2236 1846 gloriosae

93 1846 580 1914 Christianitati
623 1857 911 1914 nostram
952 1851 1514 1915 commonitionem
1546 1872 1666 1914 nec
1698 1848 2056 1914 distulimus
2090 1873 2234 1916 con-

93 1936 461 2022 ferendam,
509 1935 944 2024 adhortantes,
994 1948 1306 2026 quatenus
1355 1939 1608 2004 diuinae
1653 1939 2087 2025 inspirationis
2119 1942 2235 2006 im-

91 2027 256 2092 buta
289 2026 586 2092 subsidiis
619 2029 980 2114 importune
1005 2037 1070 2093 et
1101 2037 1414 2114 oportune
1446 2025 1765 2112 agendum
1795 2050 1923 2092 non
1955 2025 2234 2115 differas,

89 2125 164 2181 ut
197 2126 265 2182 et
295 2117 436 2203 ipse
485 2117 824 2182 saluatoris
865 2119 1068 2184 nostri
1101 2117 1342 2183 domini
1376 2117 1527 2183 Iesu
1560 2113 1800 2183 Christi
1848 2129 2235 2203 cooperante

93 2208 393 2291 potentia
423 2204 936 2271 Christianorum
967 2230 1235 2272 numero
1269 2207 1634 2293 copuletur3
1684 2217 1749 2271 et
1781 2208 2047 2292 perinde
2078 2210 2235 2271 inte-

92 2302 348 2360 merato
397 2296 720 2360 societatis
778 2295 1036 2361 foedere
1081 2298 1220 2361 iura
1269 2305 1493 2361 teneas
1542 2296 1853 2361 maritalis
1908 2298 2231 2367 consortii,

93 2382 432 2470 Scriptum
479 2406 755 2471 namque
803 2396 898 2450 est
945 2383 1129 2471 (Gen.
1168 2388 1228 2469 2,
1265 2383 1408 2472 24):
1464 2384 1711 2473 „Erunt
1758 2385 1881 2450 duo
1927 2386 2235 2472 inucarne

89 2471 287 2539 una.“
385 2470 719 2551 Quomodo
779 2496 934 2559 ergo
994 2474 1204 2539 unitas
1242 2475 1429 2539 uobis
1495 2476 1955 2539 coniunctionis
2024 2476 2235 2539 inesse

91 2559 220 2627 dici
281 2563 549 2649 poterit,
613 2563 666 2627 si
710 2586 751 2629 a
793 2572 1050 2628 uestrae
1096 2561 1247 2629 fidei
1306 2562 1644 2649 splendore
1688 2563 2082 2650 interpositis
2128 2563 2236 2629 de-

91 2649 414 2716 testabilis
463 2652 696 2716 erroris
743 2652 1028 2717 tenebris
1072 2652 1180 2717 ille
1225 2653 1604 2718 remanserit
1651 2651 1939 2717 alienus?

275 2737 463 2805 Vnde
495 2742 765 2805 orationi
798 2742 1139 2807 continuae
1167 2743 1468 2807 insistens
1501 2764 1540 2805 a
1574 2742 2060 2827 longanimitate
2094 2764 2234 2807 cae-

89 2826 276 2894 lestis
323 2828 702 2894 clementiae
746 2830 1229 2896 illuminationis
1275 2831 1476 2917 ipsius
1522 2830 1837 2897 beneficia
1883 2832 2235 2917 impetrare

7 2990 12 2995 ,
89 2940 218 2982 non
267 2917 549 2983 desinas:
597 2928 666 2983 ut
696 2918 1022 3002 uidelicet,
1071 2942 1230 3006 quos
1272 2920 1596 3007 copulatio
1643 2920 1917 2985 carnalis
1964 2920 2236 2986 affectus

89 3029 292 3072 unum
341 3007 619 3093 quodam
665 3007 856 3073 modo
918 3030 1146 3095 corpus
1209 3007 1575 3075 exhibuisse
1635 3016 2057 3093 monstratur,
2116 3009 2234 3075 hos

91 3118 350 3182 quoque
405 3098 616 3161 unitas
671 3094 820 3161 fidei
878 3100 1074 3163 etiam
1128 3108 1274 3184 post
1326 3096 1512 3163 huius
1558 3100 1731 3163 uitae
1778 3100 2121 3162 transitum
2167 3099 2234 3163 in

90 3194 408 3271 perpetua
455 3187 763 3251 societate
811 3194 1165 3251 conseruet.
1243 3185 1480 3252 Insiste
1528 3209 1703 3271 ergo,
1754 3187 2036 3272 gloriosa
2078 3186 2230 3268 filia,

93 3283 156 3338 et
188 3276 457 3338 summis
505 3274 838 3340 conatibus
885 3274 1186 3339 duritiam
1235 3276 1444 3341 cordis
1489 3277 1690 3361 ipsius
1736 3275 2039 3360 religiosa
2072 3274 2231 3340 diui-

87 3385 321 3427 norum
367 3373 856 3450 praeceptorum
901 3364 1327 3430 insinuatione
1372 3365 1622 3429 mollire
1668 3386 2075 3449 summopere
2122 3364 2229 3430 de·

89 3461 377 3517 matura:
426 3452 764 3517 infundens
812 3453 1101 3520 sensibus
1135 3454 1291 3536 eius,
1341 3465 1651 3539 quantum
1685 3454 1767 3517 sit
1809 3454 2230 3539 praeclarum,

92 3541 267 3628 quod
313 3541 632 3607 credendo
695 3541 1058 3629 suscepisti,
1098 3545 1510 3629 mysterium,
1552 3550 1943 3628 quantumue
1992 3542 2073 3606 sit
2118 3542 2229 3607 ad-

91 3629 408 3715 mirabile,
459 3630 628 3717 quod
673 3640 901 3698 renata
944 3634 1305 3719 praemium
1352 3632 1654 3718 consequi
1698 3632 2010 3697 meruisti.
2088 3632 2229 3695 Fri-

91 3718 434 3803 giditatem
483 3719 692 3786 cordis
739 3722 940 3807 ipsius
989 3722 1191 3786 sancti
1238 3722 1499 3807 spiritus
1558 3720 2043 3786 adnuntiatione
2091 3744 2230 3785 suc-

92 3809 325 3893 cende;
377 3818 691 3896 quatenus
739 3819 955 3875 amoto
988 3820 1250 3897 torpore
1295 3810 1817 3897 perniciosissimi
1865 3811 2092 3895 cultae,
2143 3811 2233 3876 di-

91 3899 284 3964 uinae
315 3897 468 3965 fidei
501 3900 673 3965 calor
705 3902 840 3965 eius
871 3900 1382 3985 intellegentiam
1415 3910 1675 3965 tuarum
1719 3898 2235 3964 adhortationum
