2723 4326
266 241 387 291 1111.
426 240 512 294 24.
813 205 816 208 Α
2270 241 2393 303 211

268 416 722 504 praeueniente
779 436 1098 502 corporea>
1130 413 1501 479 infirmitate
1545 437 1770 501 presus
1804 424 1933 501 est,
1984 413 2143 480 adeo
2186 424 2403 480 tamen
2488 427 2491 430 ’

269 505 619 589 moderate,
667 513 738 568 ut
785 513 848 568 et
893 505 1068 589 loqui
1114 513 1250 568 toto
1299 526 1374 568 eo
1423 513 1713 591 tempore
1760 513 1974 590 posset
2020 514 2083 570 et
2128 503 2399 589 ingredi.

268 595 432 659 Erat
475 604 690 659 autem
739 596 808 658 in
851 595 1145 680 proximo
1194 615 1381 676 casa,
1450 595 1516 656 in
1581 614 1709 679 qua
1754 591 2137 658 infirmiores
2186 602 2248 658 et
2294 596 2403 680 qui

269 707 473 772 prope
519 684 815 746 morituri
848 704 988 746 esse
1019 680 1426 761 uidebantur,
1476 682 1691 747 induci
1722 682 2029 748 solebant.
2122 683 2404 767 Rogauit

271 795 426 859 ergo
473 773 834 836 ministrum
881 793 1064 836 suum
1112 793 1384 858 uespere
1429 771 1859 854 incumbente,
1914 780 2104 837 nocte
2152 793 2280 858 qua
2324 769 2404 836 de

273 862 526 928 saeculo
577 871 715 926 erat
763 861 1086 942 exiturus,
1155 869 1227 924 ut
1292 861 1358 924 in
1428 883 1506 925 ea
1574 860 1696 925 sibi
1763 862 1974 926 locum
2040 859 2406 947 quiescendi

271 960 720 1039 praepararet:
770 951 878 1034 qui
923 951 1225 1032 miratuS,
1289 971 1403 1013 cur
1458 947 1577 1014 hoc
1641 960 1934 1036 rogaret,
2001 953 2111 1036 qui
2170 972 2404 1036 nequa-

275 1063 466 1127 quam
514 1037 722 1104 adhuc
767 1039 1116 1102 moriturus
1165 1060 1304 1103 esse
1350 1037 1708 1123 uidebatur,
1758 1039 1910 1104 fecit
1955 1049 2194 1124 tamen,
2237 1038 2410 1125 quod

273 1131 540 1194 dixerat,
638 1126 929 1213 Cumque
975 1127 1216 1192 ibidem
1262 1129 1458 1214 positi
1494 1129 1777 1212 uicissim
1826 1129 2040 1214 aliqua
2084 1126 2407 1213 gaudente

275 1221 508 1301 anim0,
556 1239 686 1281 una
733 1239 876 1282 cum
928 1219 1038 1301 eis,
1089 1219 1198 1303 qui
1235 1215 1476 1281 ibidem
1510 1226 1660 1282 ante
1690 1219 1962 1301 inerant,
1995 1219 2410 1304 loquerentur

275 1332 352 1372 ac
397 1310 762 1371 iocarentur
831 1315 897 1370 et
958 1308 1090 1369 iam
1151 1305 1407 1370 mediae
1468 1309 1675 1372 noctis
1720 1316 1975 1394 tempus
2024 1316 2193 1372 esset
2239 1315 2411 1371 tran-

276 1418 591 1478 scensum,
668 1397 1125 1479 interrogauit,
1204 1397 1258 1459 si
1319 1393 1770 1460 eucharistiam
1830 1399 2003 1461 intus
2078 1394 2408 1461 haberent.

275 1483 808 1572 Respondebam:
877 1481 1069 1562 ‘Quid
1117 1507 1276 1570 opus
1323 1494 1423 1548 est
1471 1484 1911 1549 eucharistia?
1973 1506 2181 1571 neque
2241 1488 2411 1550 enim

279 1577 447 1640 mori
493 1571 702 1638 adhuc
733 1572 953 1656 habeS,
989 1574 1099 1658 qui
1131 1584 1260 1637 tam
1297 1571 1587 1638 hilariter
1624 1574 1961 1639 nobiscum
1990 1575 2169 1639 uelut
2195 1597 2414 1660 sospes

275 1663 598 1750 loqueris'.
690 1663 935 1726 Rursus
982 1663 1123 1726 ille:
1175 1662 1282 1726 ‘Et
1313 1663 1553 1726 tamen'
1586 1666 1676 1728 ait
1709 1663 1958 1728 ‘afferte
1990 1663 2148 1727 mihi
2180 1662 2409 1728 eucha-

280 1755 572 1818 ristiam'.
667 1749 812 1830 Qua
857 1760 1128 1838 accepta
1171 1752 1238 1814 in
1284 1772 1513 1835 manu,
1569 1753 2026 1837 interrogauit,
2083 1753 2136 1814 si
2193 1774 2414 1816 omnes

277 1841 600 1930 placidum
648 1863 806 1926 erga
853 1863 921 1904 se
969 1841 1254 1904 animum
1304 1849 1369 1903 et
1416 1842 1553 1904 sine
1614 1841 1879 1926 querela
1937 1843 2413 1905 controuersiae

279 1955 352 1996 ac
386 1932 672 1995 rancoris
704 1929 1040 1995 haberent.
1135 1929 1639 2016 Respondebant
1672 1952 1891 1994 omnes
1915 1929 2413 2016 placidissimam

279 2044 347 2086 se
404 2029 686 2085 mentem
743 2018 824 2083 ad
883 2017 1062 2082 illum
1117 2028 1184 2082 et
1239 2019 1320 2082 ab
1389 2021 1560 2082 omni
1620 2021 1717 2084 ira
1778 2018 2092 2082 remotam
2155 2018 2414 2104 habere,

281 2131 556 2196 eumque
613 2110 894 2174 uicissim
949 2107 1269 2192 rogabant
1332 2107 1652 2194 placidam
1714 2129 1873 2193 erga
1917 2110 2089 2195 ipsos
2136 2118 2413 2173 mentem

279 2199 541 2265 habere.
635 2197 761 2275 Qui
796 2198 1135 2263 confestim
1165 2197 1527 2283 respondit:
1579 2198 1932 2263 ‘Placidam
1965 2220 2084 2283 ego
2112 2207 2414 2281 mentem,

281 2288 481 2372 filioli,
531 2310 689 2373 erga
735 2309 953 2351 omnes
1001 2286 1105 2351 dei
1149 2286 1423 2351 famulos
1470 2292 1668 2372 gero’.
1763 2285 2001 2373 Sicque
2043 2309 2111 2351 se
2155 2287 2418 2351 caelesti

281 2380 574 2442 muniens
623 2378 857 2440 uiatico
905 2376 1078 2439 uitae
1126 2376 1389 2440 alterius
1421 2378 1742 2461 ingressui
1772 2377 2053 2464 parauit3
2105 2384 2169 2440 et
2220 2377 2415 2441 inter-

282 2468 559 2552 rogauit,
609 2486 802 2551 quam
847 2486 1050 2551 prope
1095 2475 1264 2530 esset
1310 2463 1489 2549 hora,
1536 2487 1663 2552 qua
1709 2465 1941 2530 fratres
1987 2464 2069 2529 ad
2116 2463 2416 2530 dicendas

285 2554 542 2621 domino
605 2554 824 2619 laudes
878 2563 1224 2618 nocturnas
1287 2556 1556 2618 excitari
1615 2553 1939 2621 deberent.
2049 2554 2416 2641 Responde·

285 2646 471 2710 bant:
523 2642 693 2707 ‘Non
737 2644 931 2727 longe
978 2648 1115 2707 est’.
1209 2642 1299 2707 At
1330 2644 1469 2707 ille:
1524 2643 1745 2728 ‘Bene,
1796 2666 1951 2728 ergo
2002 2652 2415 2729 expectemus

287 2736 511 2798 horam
556 2732 773 2797 illam'.
866 2732 957 2795 Et
1003 2733 1264 2817 signans
1326 2756 1396 2797 se
1443 2734 1629 2818 signo
1677 2742 1936 2798 sanctae
1984 2734 2189 2797 crucis
2232 2734 2417 2797 recli-

288 2825 468 2888 nauit
515 2832 710 2909 caput
755 2821 837 2886 ad
883 2822 1178 2904 ceruical,
1225 2820 1679 2908 modicumque
1712 2821 2117 2888 obdormiens
2148 2824 2241 2886 ita
2273 2844 2419 2886 cum

289 2912 540 2977 silent-io
587 2913 786 2975 uitam
833 2909 1060 2977 finiuit.
1155 2907 1393 2996 Sicque
1448 2911 1695 2976 factum
1762 2922 1887 2996 est,
1935 2919 2041 2995 ut,
2101 2910 2418 2997 quomodo

291 3000 566 3088 simplici
613 3022 689 3064 ac
735 3022 898 3083 pura
952 3008 1168 3064 mente
1227 3000 1699 3087 tranquillaque
1765 2998 2105 3065 deuotione
2162 3000 2418 3065 domino

289 3093 625 3173 seruierat‚
675 3090 768 3154 ita
814 3090 1007 3153 etiam
1056 3089 1403 3174 tranquilla
1447 3099 1655 3154 morte
1700 3089 2010 3154 mundum
2056 3089 2419 3176 relinquens

290 3178 371 3243 ad
418 3180 554 3244 eius
618 3179 930 3242 uisionem
986 3180 1239 3242 ueniret
1296 3178 1534 3264 illaque
1596 3180 1847 3263 lingua,
1906 3201 2071 3264 quae
2108 3186 2206 3242 tot
2252 3179 2415 3242 salu-

289 3269 455 3333 taria
517 3267 720 3332 uerba
782 3268 849 3330 in
908 3266 1162 3331 laudem
1229 3266 1577 3332 conditoris
1644 3276 2125 3355 composuerat,
2196 3268 2421 3332 ultima

295 3379 548 3443 quoque
592 3354 796 3421 uerba
839 3357 905 3419 in
948 3354 1204 3421 laudem
1235 3357 1455 3442 ipsius,
1504 3356 1815 3442 signando
1856 3380 1995 3421 sese
2029 3366 2095 3423 et
2126 3357 2419 3443 spiritum

294 3467 476 3510 suum
527 3447 596 3510 in
641 3466 868 3509 manus
914 3447 1049 3510 eius
1097 3444 1598 3510 commendando
1646 3445 2001 3511 clauderet:
2068 3447 2178 3533 qui
2225 3448 2417 3511 etiam

293 3535 622 3621 praescius
669 3535 766 3597 sui
827 3533 1038 3598 obitus
1101 3536 1391 3599 extitisse
1450 3557 1531 3599 ex
1576 3534 1703 3620 his,
1767 3558 1931 3621 quae
1998 3535 2419 3620 narrauimus,

291 3623 566 3689 uidetur.
