2723 4326
187 235 309 288 1111.
353 237 510 291 1-2,
1870 211 1873 216 ’
2206 239 2331 304 165

192 435 448 500 quoquo
495 413 758 497 uellent,
806 415 1033 481 tribuit
1081 416 1190 480 eia.
1257 413 1405 494 Qua
1450 425 1719 502 accepta
1766 412 2143 480 Theodorus
2189 439 2333 502 pro-

190 504 399 567 fectus
449 512 549 568 est
593 503 678 568 ad
701 502 1161 588 'Agilberctum
1198 505 1594 571 Parisiorum
1640 505 2031 591 episcopum,
2080 504 2160 569 ‹le
2207 528 2334 592 quo

196 593 491 679 superius
553 592 858 679 diximus,
924 603 990 658 et
1035 595 1117 659 ab
1166 616 1241 658 eo
1302 594 1583 679 benigne
1644 602 1976 680 susceptus
2023 603 2089 658 et
2132 594 2334 658 multo

195 691 488 769 tempore
564 681 822 747 habitus
888 693 1003 748 est.
1114 680 1489 747 Hadrianus
1551 683 1840 769 perrexit
1908 683 2183 768 primum
2250 682 2335 748 ad

197 770 429 835 Emme
485 768 812 836 Senonum
869 781 935 836 et
988 780 1214 858 postea
1269 771 1352 836 ad
1408 772 1727 837 Faronem
1781 769 2144 836 Meldorum
2203 773 2333 858 epi-

200 883 454 947 scopos,
527 869 592 924 et
637 860 804 926 bene
849 861 968 926 sub
1016 861 1108 926 eis
1154 860 1393 925 diutius
1440 861 1588 926 fuit:
1656 869 1957 946 coegerat
2004 863 2175 926 enim
2222 883 2333 925 eos

196 951 516 1014 inminens
544 947 774 1033 hiemS,
800 959 890 1033 ut,
923 950 1311 1036 ubicumque
1341 953 1718 1038 potuissent,
1754 951 1951 1036 quieti
1981 960 2331 1014 manerent.

200 1037 384 1117 Quod
400 1058 548 1103 cum
565 1040 774 1103 nuntii
788 1041 949 1104 certi
971 1049 1341 1105 narrassent
1356 1040 1502 1124 regi
1513 1039 1900 1125 Ecgbercto,
1927 1060 2066 1104 esse
2091 1039 2335 1104 scilicet

201 1129 604 1213 episcopum,
655 1149 848 1214 quem
895 1130 1217 1215 petierant
1261 1151 1301 1192 a
1344 1128 1636 1194 Romano
1684 1130 1972 1193 antistite
2018 1130 2084 1192 in
2130 1151 2333 1214 regno

197 1216 622 1300 Francorum,
683 1218 859 1281 misit
917 1218 1026 1282 illo
1088 1219 1397 1283 continuo
1446 1216 1870 1282 Raedsridum
1930 1218 2333 1304 praefectum

199 1327 382 1370 suum
431 1304 513 1370 ad
561 1305 1010 1371 adducendum
1058 1329 1232 1371 eum:
1302 1329 1427 1394 quo
1476 1330 1621 1371 cum
1666 1309 1976 1390 uenisset,
2021 1305 2335 1372 adsumsit

201 1393 619 1460 Theodorum
649 1418 797 1460 cum
827 1395 1059 1461 Ebrini
1102 1397 1382 1482 licentia,
1432 1407 1497 1461 et
1542 1395 1844 1482 perduxit
1890 1419 2035 1462 eum
2073 1395 2158 1461 ad
2187 1418 2331 1482 por-

198 1495 363 1569 tum,
431 1486 534 1549 cui
578 1506 811 1550 nomen
857 1495 955 1550 est
1001 1484 1395 1570 Quentaui03
1457 1487 1549 1551 ibi
1593 1486 1905 1570 fatigatus
1959 1485 2334 1551 infirmitate

200 1573 658 1661 aliquantisper
703 1583 989 1639 moratus
1037 1583 1135 1640 est
1177 1583 1259 1659 et,
1309 1597 1456 1640 cum
1505 1575 1952 1640 conualescere
2000 1577 2333 1661 coepisset,

194 1665 534 1749 nauigauit
562 1662 969 1728 Brittaniam.
1033 1663 1442 1728 Hadrianum
1474 1673 1691 1730 autem
1723 1664 2004 1729 Ebrinus
2048 1666 2332 1749 retinuit,

199 1755 504 1839 quoniam
574 1753 1021 1838 suspicabatur
1082 1775 1229 1818 eum
1292 1752 1534 1818 habere
1599 1754 1877 1839 aliquam
1944 1753 2337 1836 legationem

197 1842 604 1928 imperatoris
651 1841 734 1908 ad
780 1841 1141 1907 Brittaniae
1184 1864 1374 1926 reges
1429 1841 1736 1906 aduersus
1790 1864 2093 1927 regnum,
2156 1844 2335 1906 cuius

199 1940 349 1995 tunc
396 1932 535 2017 ipse
581 1933 931 1996 maximam
979 1953 1199 1996 curam
1247 1932 1537 2017 gerebat.
1631 1928 1765 1997 Sed
1811 1953 1958 1996 cum
2002 1931 2160 1995 nihil
2207 1932 2336 1996 tale

197 2020 379 2084 illum
424 2020 663 2085 habere
708 2021 814 2084 uel
858 2020 1158 2085 habuisse
1203 2023 1525 2085 ueraciter
1572 2042 1715 2084 com
1764 2021 2009 2104 erisset,
2060 2021 2338 2085 absoluit

198 2132 347 2175 eum
396 2119 461 2174 et
505 2119 652 2197 post
701 2108 1116 2176 Theodorum
1160 2111 1254 2175 ire
1301 2111 1614 2198 permisit.
1758 2110 1822 2173 ui
1869 2112 2088 2175 statim
2132 2119 2207 2174 ut
2252 2109 2336 2175 ad

194 2198 376 2265 illum
423 2202 627 2284 uenit,
686 2198 864 2264 dedit
909 2202 1371 2265 monasterium
1419 2200 1592 2265 beati
1640 2199 1819 2264 Petri
1866 2199 2165 2285 apostoli,
2224 2199 2336 2263 ubi

195 2287 663 2375 archiepiscopi
711 2287 978 2354 Cantiae
1040 2291 1322 2375 sepeliri,
1380 2299 1453 2354 ut
1498 2289 1828 2376 praefatus
1876 2311 2048 2373 sum,
2106 2287 2332 2352 solent.

195 2379 628 2462 Praeceperat
675 2380 844 2443 enim
892 2377 1232 2443 Theodoro
1280 2380 1540 2444 abeunti
1609 2376 1877 2442 domnus
1923 2377 2328 2464 apostolicus,

195 2476 266 2531 ut
311 2468 380 2532 in
425 2467 667 2532 diocesi
711 2490 826 2531 sua
870 2467 1265 2555 prouideret,
1339 2477 1406 2533 et
1452 2469 1637 2533 daret
1682 2469 1742 2531 ei
1786 2467 2026 2551 locum,
2092 2469 2159 2531 in
2206 2488 2331 2553 quo

198 2578 343 2621 cum
392 2557 521 2621 suis
569 2565 721 2643 apte
768 2556 1008 2641 degere
1054 2559 1388 2643 potuisset.

1235 2792 1297 2857 2.

197 2946 275 3002 vt
325 2947 646 3002 Theodoro
703 2948 926 3003 cuncta
977 2947 1395 3017 peragrante,
1453 2946 1792 3015 Anglorum
1844 2945 2144 3002 ecclesiae
2196 2961 2333 3001 cum

198 3035 509 3092 catholiea
557 3036 866 3100 ueritate,
918 3036 1285 3092 litterarum
1324 3049 1565 3104 quoque
1606 3036 1962 3091 sanctarum
2008 3034 2330 3104 coeperlnt

198 3125 427 3181 studiis
465 3125 678 3193 lnbu13
731 3126 795 3181 et
831 3126 905 3181 nt
941 3125 1136 3180 Putta
1172 3139 1288 3194 pro
1325 3125 1621 3179 Damiano
1660 3122 1990 3179 Hrofensls
2029 3122 2329 3179 ecclesiae

931 3214 1018 3270 sit
1056 3214 1261 3269 factus
1299 3214 1593 3269 antistes-

375 3357 683 3423 Peruenit
743 3369 960 3423 autem
1020 3357 1400 3423 Theodorus
1458 3358 1540 3422 ad
1600 3356 1936 3421 ecclesiam
1998 3376 2181 3417 suam
2238 3377 2332 3419 se-

199 3443 405 3509 cundo
453 3456 794 3532 postquam
843 3456 1250 3512 consecratus
1299 3456 1397 3511 est
1443 3468 1640 3529 anno,
1704 3445 1821 3510 sub
1882 3443 1984 3507 die
2028 3443 2151 3507 VI.
2199 3442 2331 3507 Ka-

196 3533 530 3599 lendarum
575 3534 905 3600 Iuniarum
953 3534 1272 3601 dominica
1319 3545 1384 3599 et
1430 3536 1583 3601 fecit
1628 3538 1695 3599 in
1742 3558 1819 3600 ea
1865 3555 2063 3597 annos
2095 3531 2234 3596 XX
2268 3542 2333 3596 et

196 3645 424 3705 unum,
481 3645 734 3688 menses
778 3623 912 3710 IH,
968 3624 1104 3689 dies
1149 3622 1408 3689 XXVI.
1502 3622 1786 3710 Moxque
1842 3630 2190 3709 peragrata
2235 3622 2331 3685 in·

199 3713 336 3777 sula
392 3721 556 3795 tota,
629 3735 1142 3799 quaquauersum
1190 3714 1550 3798 Anglorum
1610 3723 1835 3798 gentes
1896 3711 2331 3794 morabantur,

197 3823 347 3866 nam
398 3811 464 3866 et
505 3802 930 3867 libentissime
977 3803 1059 3867 ab
1108 3803 1403 3868 omnibus
1458 3801 1928 3888 suscipiebatur
1983 3810 2178 3886 atque
2226 3822 2334 3864 au-

199 3888 521 3975 diebatur,
583 3899 831 3956 rectum
891 3891 1149 3956 uiuendi
1209 3890 1528 3977 ordinem,
1591 3895 1786 3957 ritum
1843 3889 2121 3978 paschae
2174 3889 2333 3953 cele-
