<?xml version="1.0" encoding="UTF-8"?>
<!DOCTYPE html PUBLIC "-//W3C//DTD XHTML 1.0 Transitional//EN"
    "http://www.w3.org/TR/xhtml1/DTD/xhtml1-transitional.dtd">
<html xmlns="http://www.w3.org/1999/xhtml" xml:lang="en" lang="en">
 <head>
  <title>
</title>
<meta http-equiv="Content-Type" content="text/html;charset=utf-8" />
  <meta name='ocr-system' content='tesseract 3.04.00' />
  <meta name='ocr-capabilities' content='ocr_page ocr_carea ocr_par ocr_line ocrx_word'/>
</head>
<body>
  <div class='ocr_page' id='page_1' title='image "./historiaecclesi00venegoog_0150.png"; bbox 0 0 2723 4326; ppageno 0'>
   <div class='ocr_carea' id='block_1_1' title="bbox 388 178 2545 251">
    <p class='ocr_par' dir='ltr' id='par_1_1' title="bbox 388 178 2545 251">
     <span class='ocr_line' id='line_1_1' title="bbox 388 178 2545 251; baseline -0.008 0"><span class='ocrx_word' id='word_1_1' title='bbox 388 188 513 251; x_wconf 82' lang='grc'><strong>138</strong></span> <span class='ocrx_word' id='word_1_2' title='bbox 2305 178 2403 231; x_wconf 79' lang='grc' dir='ltr'><strong>ΠΙ.</strong></span> <span class='ocrx_word' id='word_1_3' title='bbox 2447 179 2545 233; x_wconf 81' lang='lat'><strong>21.</strong></span> 
     </span>
    </p>
   </div>
   <div class='ocr_carea' id='block_1_2' title="bbox 384 355 2644 3916">
    <p class='ocr_par' dir='ltr' id='par_1_2' title="bbox 384 355 2542 873">
     <span class='ocr_line' id='line_1_2' title="bbox 386 355 2542 445; baseline -0.002 -19"><span class='ocrx_word' id='word_1_4' title='bbox 386 363 637 427; x_wconf 86' lang='lat' dir='ltr'><strong>futurae</strong></span> <span class='ocrx_word' id='word_1_5' title='bbox 682 359 1191 445; x_wconf 89' lang='lat' dir='ltr'><strong>inmortalitatis,</strong></span> <span class='ocrx_word' id='word_1_6' title='bbox 1250 360 1527 424; x_wconf 82' lang='lat' dir='ltr'><strong>libenter</strong></span> <span class='ocrx_word' id='word_1_7' title='bbox 1573 380 1643 422; x_wconf 89' lang='lat' dir='ltr'><strong>se</strong></span> <span class='ocrx_word' id='word_1_8' title='bbox 1690 355 2125 423; x_wconf 90' lang='lat' dir='ltr'><strong>Christianum</strong></span> <span class='ocrx_word' id='word_1_9' title='bbox 2172 356 2315 421; x_wconf 89' lang='lat' dir='ltr'><strong>fieri</strong></span> <span class='ocrx_word' id='word_1_10' title='bbox 2359 358 2542 422; x_wconf 91' lang='lat' dir='ltr'><strong>uelle</strong></span> 
     </span>
     <span class='ocr_line' id='line_1_3' title="bbox 387 450 2542 533; baseline -0.003 -17"><span class='ocrx_word' id='word_1_11' title='bbox 387 450 711 516; x_wconf 82' lang='lat' dir='ltr'><strong>confessus</strong></span> <span class='ocrx_word' id='word_1_12' title='bbox 758 457 883 531; x_wconf 90' lang='lat' dir='ltr'><strong>est,</strong></span> <span class='ocrx_word' id='word_1_13' title='bbox 934 451 1186 515; x_wconf 89' lang='lat' dir='ltr'><strong>etiamsi</strong></span> <span class='ocrx_word' id='word_1_14' title='bbox 1232 451 1557 532; x_wconf 86' lang='lat' dir='ltr'><strong>uirginem</strong></span> <span class='ocrx_word' id='word_1_15' title='bbox 1601 470 1730 512; x_wconf 88' lang='lat' dir='ltr'><strong>non</strong></span> <span class='ocrx_word' id='word_1_16' title='bbox 1775 450 2131 533; x_wconf 87' lang='lat' dir='ltr'><strong>acciperet:</strong></span> <span class='ocrx_word' id='word_1_17' title='bbox 2180 468 2542 532; x_wconf 75' lang='lat' dir='ltr'>persuasus</span> 
     </span>
     <span class='ocr_line' id='line_1_4' title="bbox 384 532 2540 625; baseline -0.003 -20"><span class='ocrx_word' id='word_1_18' title='bbox 384 541 668 605; x_wconf 87' lang='lat' dir='ltr'><strong>maxime</strong></span> <span class='ocrx_word' id='word_1_19' title='bbox 700 537 780 602; x_wconf 90' lang='lat' dir='ltr'><strong>ad</strong></span> <span class='ocrx_word' id='word_1_20' title='bbox 812 536 1293 625; x_wconf 80' lang='lat' dir='ltr'><strong>percipiendam</strong></span> <span class='ocrx_word' id='word_1_21' title='bbox 1325 536 1524 603; x_wconf 90' lang='lat' dir='ltr'><strong>fidem</strong></span> <span class='ocrx_word' id='word_1_22' title='bbox 1572 558 1612 600; x_wconf 88' lang='lat' dir='ltr'><strong>a</strong></span> <span class='ocrx_word' id='word_1_23' title='bbox 1641 536 1774 601; x_wconf 91' lang='lat' dir='ltr'><strong>filio</strong></span> <span class='ocrx_word' id='word_1_24' title='bbox 1808 538 1981 621; x_wconf 88' lang='lat' dir='ltr'><strong>regis</strong></span> <span class='ocrx_word' id='word_1_25' title='bbox 2016 532 2225 602; x_wconf 88' lang='lat' dir='ltr'><strong>Osuiu</strong></span> <span class='ocrx_word' id='word_1_26' title='bbox 2270 538 2540 600; x_wconf 89' lang='lat' dir='ltr'><strong>nomine</strong></span> 
     </span>
     <span class='ocr_line' id='line_1_5' title="bbox 386 624 2539 713; baseline -0.003 -18"><span class='ocrx_word' id='word_1_27' title='bbox 386 627 755 712; x_wconf 85' lang='lat' dir='ltr'><strong>Alchfrido,</strong></span> <span class='ocrx_word' id='word_1_28' title='bbox 814 629 924 713; x_wconf 91' lang='lat' dir='ltr'><strong>qui</strong></span> <span class='ocrx_word' id='word_1_29' title='bbox 970 637 1111 693; x_wconf 90' lang='lat' dir='ltr'><strong>erat</strong></span> <span class='ocrx_word' id='word_1_30' title='bbox 1155 638 1468 713; x_wconf 87' lang='lat' dir='ltr'><strong>cognatus</strong></span> <span class='ocrx_word' id='word_1_31' title='bbox 1517 635 1580 691; x_wconf 89' lang='lat' dir='ltr'><strong>et</strong></span> <span class='ocrx_word' id='word_1_32' title='bbox 1627 627 1872 690; x_wconf 91' lang='lat' dir='ltr'><strong>amicus</strong></span> <span class='ocrx_word' id='word_1_33' title='bbox 1919 627 2085 707; x_wconf 90' lang='lat' dir='ltr'><strong>eius,</strong></span> <span class='ocrx_word' id='word_1_34' title='bbox 2138 624 2384 689; x_wconf 87' lang='lat' dir='ltr'><strong>habens</strong></span> <span class='ocrx_word' id='word_1_35' title='bbox 2434 648 2539 689; x_wconf 89' lang='lat' dir='ltr'><strong>so-</strong></span> 
     </span>
     <span class='ocr_line' id='line_1_6' title="bbox 388 711 2541 802; baseline -0.002 -19"><span class='ocrx_word' id='word_1_36' title='bbox 388 740 603 783; x_wconf 86' lang='lat' dir='ltr'><strong>rorem</strong></span> <span class='ocrx_word' id='word_1_37' title='bbox 639 718 839 802; x_wconf 89' lang='lat' dir='ltr'><strong>ipsius</strong></span> <span class='ocrx_word' id='word_1_38' title='bbox 888 718 1228 800; x_wconf 87' lang='lat' dir='ltr'><strong>coniugem</strong></span> <span class='ocrx_word' id='word_1_39' title='bbox 1272 715 1589 781; x_wconf 87' lang='lat' dir='ltr'><strong>uocabulo</strong></span> <span class='ocrx_word' id='word_1_40' title='bbox 1623 712 2086 800; x_wconf 86' lang='lat' dir='ltr'><strong>Cyniburgam,</strong></span> <span class='ocrx_word' id='word_1_41' title='bbox 2135 711 2334 779; x_wconf 88' lang='lat' dir='ltr'><strong>filiam</strong></span> <span class='ocrx_word' id='word_1_42' title='bbox 2368 712 2541 778; x_wconf 90' lang='lat' dir='ltr'><strong>Pen—</strong></span> 
     </span>
     <span class='ocr_line' id='line_1_7' title="bbox 390 807 759 873; baseline -0.011 0"><span class='ocrx_word' id='word_1_43' title='bbox 390 808 519 873; x_wconf 87' lang='lat' dir='ltr'><strong>dan</strong></span> <span class='ocrx_word' id='word_1_44' title='bbox 564 828 634 871; x_wconf 90' lang='lat' dir='ltr'><strong>re</strong></span> <span class='ocrx_word' id='word_1_45' title='bbox 684 807 759 869; x_wconf 92' lang='lat' dir='ltr'><strong>is.</strong></span> 
     </span>
    </p>

    <p class='ocr_par' dir='ltr' id='par_1_3' title="bbox 390 827 2546 2206">
     <span class='ocr_line' id='line_1_8' title="bbox 567 827 2538 980; baseline -0.003 -21"><span class='ocrx_word' id='word_1_46' title='bbox 567 827 945 980; x_wconf 49' lang='lat' dir='ltr'><strong>prtizatus</strong></span> <span class='ocrx_word' id='word_1_47' title='bbox 978 903 1075 958; x_wconf 89' lang='lat' dir='ltr'><strong>est</strong></span> <span class='ocrx_word' id='word_1_48' title='bbox 1108 915 1264 979; x_wconf 89' lang='lat' dir='ltr'><strong>ergo</strong></span> <span class='ocrx_word' id='word_1_49' title='bbox 1295 916 1335 959; x_wconf 90' lang='lat' dir='ltr'><strong>a</strong></span> <span class='ocrx_word' id='word_1_50' title='bbox 1368 891 1617 957; x_wconf 84' lang='lat' dir='ltr'><strong>Finano</strong></span> <span class='ocrx_word' id='word_1_51' title='bbox 1666 894 1967 979; x_wconf 93' lang='lat' dir='ltr'><strong>episcopo</strong></span> <span class='ocrx_word' id='word_1_52' title='bbox 2014 914 2164 956; x_wconf 90' lang='lat' dir='ltr'><strong>cum</strong></span> <span class='ocrx_word' id='word_1_53' title='bbox 2208 891 2538 975; x_wconf 85' lang='lat' dir='ltr'><strong>omnibus,</strong></span> 
     </span>
     <span class='ocr_line' id='line_1_9' title="bbox 392 981 2542 1071; baseline -0.001 -23"><span class='ocrx_word' id='word_1_54' title='bbox 392 985 501 1071; x_wconf 92' lang='lat' dir='ltr'><strong>qui</strong></span> <span class='ocrx_word' id='word_1_55' title='bbox 566 1005 784 1049; x_wconf 90' lang='lat' dir='ltr'><strong>secum</strong></span> <span class='ocrx_word' id='word_1_56' title='bbox 846 992 1186 1067; x_wconf 89' lang='lat' dir='ltr'><strong>uenerant,</strong></span> <span class='ocrx_word' id='word_1_57' title='bbox 1261 982 1602 1047; x_wconf 83' lang='lat' dir='ltr'><strong>comitibus</strong></span> <span class='ocrx_word' id='word_1_58' title='bbox 1672 1004 1747 1045; x_wconf 91' lang='lat' dir='ltr'><strong>ac</strong></span> <span class='ocrx_word' id='word_1_59' title='bbox 1805 981 2118 1046; x_wconf 81' lang='lat' dir='ltr'><strong>militibus</strong></span> <span class='ocrx_word' id='word_1_60' title='bbox 2180 1001 2542 1065; x_wconf 88' lang='lat' dir='ltr'><strong>eorumque</strong></span> 
     </span>
     <span class='ocr_line' id='line_1_10' title="bbox 391 1067 2542 1156; baseline -0.003 -17"><span class='ocrx_word' id='word_1_61' title='bbox 391 1074 648 1139; x_wconf 86' lang='lat' dir='ltr'><strong>famulis</strong></span> <span class='ocrx_word' id='word_1_62' title='bbox 696 1072 1013 1136; x_wconf 86' lang='lat' dir='ltr'><strong>uniuersis</strong></span> <span class='ocrx_word' id='word_1_63' title='bbox 1057 1073 1123 1135; x_wconf 91' lang='lat' dir='ltr'><strong>in</strong></span> <span class='ocrx_word' id='word_1_64' title='bbox 1170 1073 1314 1135; x_wconf 91' lang='lat' dir='ltr'><strong>uico</strong></span> <span class='ocrx_word' id='word_1_65' title='bbox 1361 1072 1538 1155; x_wconf 87' lang='lat' dir='ltr'><strong>regis</strong></span> <span class='ocrx_word' id='word_1_66' title='bbox 1585 1069 1864 1154; x_wconf 78' lang='lat' dir='ltr'><strong>inlustri,</strong></span> <span class='ocrx_word' id='word_1_67' title='bbox 1933 1071 2045 1156; x_wconf 92' lang='lat' dir='ltr'><strong>qui</strong></span> <span class='ocrx_word' id='word_1_68' title='bbox 2108 1079 2379 1133; x_wconf 87' lang='lat' dir='ltr'><strong>uocatur</strong></span> <span class='ocrx_word' id='word_1_69' title='bbox 2426 1067 2542 1132; x_wconf 93' lang='lat' dir='ltr'><strong>Ad</strong></span> 
     </span>
     <span class='ocr_line' id='line_1_11' title="bbox 390 1157 2543 1247; baseline -0.002 -20"><span class='ocrx_word' id='word_1_70' title='bbox 390 1162 671 1227; x_wconf 88' lang='lat' dir='ltr'><strong>Murum.</strong></span> <span class='ocrx_word' id='word_1_71' title='bbox 764 1160 853 1225; x_wconf 87' lang='lat' dir='ltr'><strong>Et</strong></span> <span class='ocrx_word' id='word_1_72' title='bbox 897 1162 1180 1247; x_wconf 89' lang='lat' dir='ltr'><strong>acceptis</strong></span> <span class='ocrx_word' id='word_1_73' title='bbox 1225 1157 1372 1224; x_wconf 94' lang='lat' dir='ltr'>IIII</span> <span class='ocrx_word' id='word_1_74' title='bbox 1417 1159 1838 1245; x_wconf 84' lang='lat' dir='ltr'><strong>presbyteris,</strong></span> <span class='ocrx_word' id='word_1_75' title='bbox 1887 1161 2000 1244; x_wconf 92' lang='lat' dir='ltr'><strong>qui</strong></span> <span class='ocrx_word' id='word_1_76' title='bbox 2043 1158 2128 1223; x_wconf 87' lang='lat' dir='ltr'><strong>ad</strong></span> <span class='ocrx_word' id='word_1_77' title='bbox 2176 1157 2543 1223; x_wconf 80' lang='lat' dir='ltr'><strong>docendam</strong></span> 
     </span>
     <span class='ocr_line' id='line_1_12' title="bbox 392 1247 2539 1338; baseline -0.003 -21"><span class='ocrx_word' id='word_1_78' title='bbox 392 1249 978 1338; x_wconf 78' lang='lat' dir='ltr'><strong>baptizandamque</strong></span> <span class='ocrx_word' id='word_1_79' title='bbox 1023 1258 1290 1334; x_wconf 86' lang='lat' dir='ltr'><strong>gentem</strong></span> <span class='ocrx_word' id='word_1_80' title='bbox 1334 1248 1508 1313; x_wconf 88' lang='lat' dir='ltr'><strong>illius</strong></span> <span class='ocrx_word' id='word_1_81' title='bbox 1554 1257 1618 1313; x_wconf 89' lang='lat' dir='ltr'><strong>et</strong></span> <span class='ocrx_word' id='word_1_82' title='bbox 1665 1248 2028 1313; x_wconf 82' lang='lat' dir='ltr'><strong>eruditione</strong></span> <span class='ocrx_word' id='word_1_83' title='bbox 2073 1257 2140 1312; x_wconf 91' lang='lat' dir='ltr'><strong>et</strong></span> <span class='ocrx_word' id='word_1_84' title='bbox 2184 1249 2324 1312; x_wconf 86' lang='lat' dir='ltr'><strong>uita</strong></span> <span class='ocrx_word' id='word_1_85' title='bbox 2353 1247 2539 1311; x_wconf 88' lang='lat' dir='ltr'><strong>uide—</strong></span> 
     </span>
     <span class='ocr_line' id='line_1_13' title="bbox 392 1333 2544 1423; baseline -0.001 -19"><span class='ocrx_word' id='word_1_86' title='bbox 392 1339 628 1405; x_wconf 83' lang='lat' dir='ltr'><strong>bantur</strong></span> <span class='ocrx_word' id='word_1_87' title='bbox 687 1333 927 1421; x_wconf 90' lang='lat' dir='ltr'><strong>idonei‚</strong></span> <span class='ocrx_word' id='word_1_88' title='bbox 990 1338 1193 1402; x_wconf 89' lang='lat' dir='ltr'><strong>multo</strong></span> <span class='ocrx_word' id='word_1_89' title='bbox 1254 1360 1402 1403; x_wconf 90' lang='lat' dir='ltr'><strong>cum</strong></span> <span class='ocrx_word' id='word_1_90' title='bbox 1464 1337 1700 1423; x_wconf 84' lang='lat' dir='ltr'><strong>gaudio</strong></span> <span class='ocrx_word' id='word_1_91' title='bbox 1759 1358 2058 1402; x_wconf 89' lang='lat' dir='ltr'><strong>reuersus</strong></span> <span class='ocrx_word' id='word_1_92' title='bbox 2118 1346 2234 1401; x_wconf 91' lang='lat' dir='ltr'><strong>est.</strong></span> <span class='ocrx_word' id='word_1_93' title='bbox 2326 1335 2544 1401; x_wconf 80' lang='lat' dir='ltr'><strong>Erant</strong></span> 
     </span>
     <span class='ocr_line' id='line_1_14' title="bbox 394 1423 2546 1513; baseline -0.002 -20"><span class='ocrx_word' id='word_1_94' title='bbox 394 1437 611 1493; x_wconf 91' lang='lat' dir='ltr'><strong>autem</strong></span> <span class='ocrx_word' id='word_1_95' title='bbox 658 1426 1023 1513; x_wconf 88' lang='lat' dir='ltr'><strong>presbyteri</strong></span> <span class='ocrx_word' id='word_1_96' title='bbox 1069 1423 1251 1491; x_wconf 91' lang='lat' dir='ltr'><strong>Cedd</strong></span> <span class='ocrx_word' id='word_1_97' title='bbox 1296 1436 1363 1491; x_wconf 93' lang='lat' dir='ltr'><strong>et</strong></span> <span class='ocrx_word' id='word_1_98' title='bbox 1407 1424 1600 1492; x_wconf 88' lang='lat' dir='ltr'><strong>Adda</strong></span> <span class='ocrx_word' id='word_1_99' title='bbox 1645 1434 1710 1491; x_wconf 89' lang='lat' dir='ltr'><strong>et</strong></span> <span class='ocrx_word' id='word_1_100' title='bbox 1755 1425 1935 1492; x_wconf 90' lang='lat' dir='ltr'><strong>Betti</strong></span> <span class='ocrx_word' id='word_1_101' title='bbox 1973 1434 2040 1490; x_wconf 91' lang='lat' dir='ltr'><strong>et</strong></span> <span class='ocrx_word' id='word_1_102' title='bbox 2070 1424 2330 1510; x_wconf 88' lang='lat' dir='ltr'><strong>Diuma,</strong></span> <span class='ocrx_word' id='word_1_103' title='bbox 2381 1448 2546 1512; x_wconf 88' lang='lat' dir='ltr'><strong>quo-</strong></span> 
     </span>
     <span class='ocr_line' id='line_1_15' title="bbox 392 1512 2538 1601; baseline -0.001 -20"><span class='ocrx_word' id='word_1_104' title='bbox 392 1540 538 1581; x_wconf 88' lang='lat' dir='ltr'><strong>rum</strong></span> <span class='ocrx_word' id='word_1_105' title='bbox 599 1516 863 1580; x_wconf 89' lang='lat' dir='ltr'><strong>ultimus</strong></span> <span class='ocrx_word' id='word_1_106' title='bbox 930 1517 1190 1581; x_wconf 89' lang='lat' dir='ltr'><strong>natione</strong></span> <span class='ocrx_word' id='word_1_107' title='bbox 1254 1512 1553 1601; x_wconf 89' lang='lat' dir='ltr'><strong>Scottus,</strong></span> <span class='ocrx_word' id='word_1_108' title='bbox 1621 1516 1821 1580; x_wconf 89' lang='lat' dir='ltr'><strong>ceteri</strong></span> <span class='ocrx_word' id='word_1_109' title='bbox 1883 1514 2066 1579; x_wconf 87' lang='lat' dir='ltr'><strong>fuere</strong></span> <span class='ocrx_word' id='word_1_110' title='bbox 2129 1515 2211 1580; x_wconf 91' lang='lat' dir='ltr'><strong>de</strong></span> <span class='ocrx_word' id='word_1_111' title='bbox 2272 1512 2538 1599; x_wconf 86' lang='lat' dir='ltr'><strong>Anglis.</strong></span> 
     </span>
     <span class='ocr_line' id='line_1_16' title="bbox 392 1603 2541 1691; baseline -0.001 -20"><span class='ocrx_word' id='word_1_112' title='bbox 392 1604 587 1671; x_wconf 88' lang='lat' dir='ltr'><strong>Adda</strong></span> <span class='ocrx_word' id='word_1_113' title='bbox 631 1614 850 1670; x_wconf 87' lang='lat' dir='ltr'><strong>autem</strong></span> <span class='ocrx_word' id='word_1_114' title='bbox 896 1614 1036 1670; x_wconf 89' lang='lat' dir='ltr'><strong>erat</strong></span> <span class='ocrx_word' id='word_1_115' title='bbox 1080 1605 1280 1669; x_wconf 89' lang='lat' dir='ltr'><strong>frater</strong></span> <span class='ocrx_word' id='word_1_116' title='bbox 1310 1605 1518 1671; x_wconf 87' lang='lat' dir='ltr'><strong>Vttan</strong></span> <span class='ocrx_word' id='word_1_117' title='bbox 1563 1603 1928 1691; x_wconf 88' lang='lat' dir='ltr'><strong>presbyteri</strong></span> <span class='ocrx_word' id='word_1_118' title='bbox 1971 1605 2260 1669; x_wconf 89' lang='lat' dir='ltr'><strong>inlustris</strong></span> <span class='ocrx_word' id='word_1_119' title='bbox 2307 1613 2374 1669; x_wconf 92' lang='lat' dir='ltr'><strong>et</strong></span> <span class='ocrx_word' id='word_1_120' title='bbox 2420 1604 2541 1669; x_wconf 87' lang='lat' dir='ltr'><strong>ab·</strong></span> 
     </span>
     <span class='ocr_line' id='line_1_17' title="bbox 394 1690 2540 1779; baseline -0.001 -18"><span class='ocrx_word' id='word_1_121' title='bbox 394 1695 563 1761; x_wconf 90' lang='lat' dir='ltr'><strong>batis</strong></span> <span class='ocrx_word' id='word_1_122' title='bbox 609 1696 1013 1777; x_wconf 86' lang='lat' dir='ltr'><strong>monasterii,</strong></span> <span class='ocrx_word' id='word_1_123' title='bbox 1057 1692 1228 1779; x_wconf 92' lang='lat' dir='ltr'><strong>quod</strong></span> <span class='ocrx_word' id='word_1_124' title='bbox 1272 1702 1543 1758; x_wconf 90' lang='lat' dir='ltr'><strong>uocatur</strong></span> <span class='ocrx_word' id='word_1_125' title='bbox 1588 1691 1696 1757; x_wconf 92' lang='lat' dir='ltr'><strong>Ad</strong></span> <span class='ocrx_word' id='word_1_126' title='bbox 1741 1692 1998 1779; x_wconf 86' lang='lat' dir='ltr'><strong>Caprae</strong></span> <span class='ocrx_word' id='word_1_127' title='bbox 2045 1690 2287 1779; x_wconf 89' lang='lat' dir='ltr'><strong>Caput,</strong></span> <span class='ocrx_word' id='word_1_128' title='bbox 2352 1694 2540 1758; x_wconf 90' lang='lat' dir='ltr'><strong>cuius</strong></span> 
     </span>
     <span class='ocr_line' id='line_1_18' title="bbox 394 1782 2542 1871; baseline -0 -23"><span class='ocrx_word' id='word_1_129' title='bbox 394 1806 592 1871; x_wconf 86' lang='lat' dir='ltr'><strong>supra</strong></span> <span class='ocrx_word' id='word_1_130' title='bbox 637 1786 1065 1849; x_wconf 87' lang='lat' dir='ltr'><strong>meminimus.</strong></span> <span class='ocrx_word' id='word_1_131' title='bbox 1133 1782 1486 1847; x_wconf 85' lang='lat' dir='ltr'><strong>Venientes</strong></span> <span class='ocrx_word' id='word_1_132' title='bbox 1533 1804 1692 1867; x_wconf 88' lang='lat' dir='ltr'><strong>ergo</strong></span> <span class='ocrx_word' id='word_1_133' title='bbox 1738 1784 1806 1847; x_wconf 88' lang='lat' dir='ltr'><strong>in</strong></span> <span class='ocrx_word' id='word_1_134' title='bbox 1851 1784 2252 1868; x_wconf 89' lang='lat' dir='ltr'><strong>prouinciam</strong></span> <span class='ocrx_word' id='word_1_135' title='bbox 2297 1803 2542 1847; x_wconf 88' lang='lat' dir='ltr'><strong>memo·</strong></span> 
     </span>
     <span class='ocr_line' id='line_1_19' title="bbox 393 1870 2542 1959; baseline -0.001 -21"><span class='ocrx_word' id='word_1_136' title='bbox 393 1875 521 1938; x_wconf 88' lang='lat' dir='ltr'><strong>rati</strong></span> <span class='ocrx_word' id='word_1_137' title='bbox 567 1871 933 1938; x_wconf 88' lang='lat' dir='ltr'><strong>sacerdotes</strong></span> <span class='ocrx_word' id='word_1_138' title='bbox 980 1894 1127 1937; x_wconf 89' lang='lat' dir='ltr'><strong>cum</strong></span> <span class='ocrx_word' id='word_1_139' title='bbox 1172 1874 1482 1959; x_wconf 84' lang='lat' dir='ltr'><strong>principe,</strong></span> <span class='ocrx_word' id='word_1_140' title='bbox 1532 1870 1991 1957; x_wconf 79' lang='lat' dir='ltr'><strong>praedicabant</strong></span> <span class='ocrx_word' id='word_1_141' title='bbox 2034 1870 2305 1947; x_wconf 84' lang='lat' dir='ltr'><strong>uerbum</strong></span> <span class='ocrx_word' id='word_1_142' title='bbox 2353 1879 2417 1935; x_wconf 89' lang='lat' dir='ltr'><strong>et</strong></span> <span class='ocrx_word' id='word_1_143' title='bbox 2465 1871 2542 1935; x_wconf 88' lang='lat' dir='ltr'><strong>li·</strong></span> 
     </span>
     <span class='ocr_line' id='line_1_20' title="bbox 396 1958 2542 2046; baseline -0.001 -20"><span class='ocrx_word' id='word_1_144' title='bbox 396 1961 627 2026; x_wconf 88' lang='lat' dir='ltr'><strong>benter</strong></span> <span class='ocrx_word' id='word_1_145' title='bbox 672 1960 872 2026; x_wconf 90' lang='lat' dir='ltr'><strong>auditi</strong></span> <span class='ocrx_word' id='word_1_146' title='bbox 918 1970 1085 2045; x_wconf 89' lang='lat' dir='ltr'><strong>sunt,</strong></span> <span class='ocrx_word' id='word_1_147' title='bbox 1143 1960 1457 2046; x_wconf 90' lang='lat' dir='ltr'><strong>multique</strong></span> <span class='ocrx_word' id='word_1_148' title='bbox 1504 1958 1740 2024; x_wconf 87' lang='lat' dir='ltr'><strong>cotidie</strong></span> <span class='ocrx_word' id='word_1_149' title='bbox 1785 1968 1849 2025; x_wconf 93' lang='lat' dir='ltr'><strong>et</strong></span> <span class='ocrx_word' id='word_1_150' title='bbox 1891 1960 2202 2027; x_wconf 88' lang='lat' dir='ltr'><strong>nobilium</strong></span> <span class='ocrx_word' id='word_1_151' title='bbox 2251 1969 2316 2025; x_wconf 92' lang='lat' dir='ltr'><strong>et</strong></span> <span class='ocrx_word' id='word_1_152' title='bbox 2361 1959 2542 2024; x_wconf 82' lang='lat' dir='ltr'><strong>infir·</strong></span> 
     </span>
     <span class='ocr_line' id='line_1_21' title="bbox 396 2047 2540 2135; baseline -0.001 -20"><span class='ocrx_word' id='word_1_153' title='bbox 396 2072 677 2135; x_wconf 89' lang='lat' dir='ltr'><strong>morum,</strong></span> <span class='ocrx_word' id='word_1_154' title='bbox 750 2050 1202 2116; x_wconf 86' lang='lat' dir='ltr'><strong>abrenuntiata</strong></span> <span class='ocrx_word' id='word_1_155' title='bbox 1259 2047 1448 2114; x_wconf 87' lang='lat' dir='ltr'><strong>sorde</strong></span> <span class='ocrx_word' id='word_1_156' title='bbox 1507 2048 1872 2133; x_wconf 85' lang='lat' dir='ltr'><strong>idolatriae,</strong></span> <span class='ocrx_word' id='word_1_157' title='bbox 1943 2047 2094 2114; x_wconf 88' lang='lat' dir='ltr'><strong>fidei</strong></span> <span class='ocrx_word' id='word_1_158' title='bbox 2153 2058 2300 2114; x_wconf 88' lang='lat' dir='ltr'><strong>sunt</strong></span> <span class='ocrx_word' id='word_1_159' title='bbox 2354 2049 2540 2114; x_wconf 89' lang='lat' dir='ltr'><strong>fonte</strong></span> 
     </span>
     <span class='ocr_line' id='line_1_22' title="bbox 397 2140 620 2206; baseline -0.009 0"><span class='ocrx_word' id='word_1_160' title='bbox 397 2140 620 2206; x_wconf 88' lang='lat' dir='ltr'><strong>abluti.</strong></span> 
     </span>
    </p>

    <p class='ocr_par' dir='ltr' id='par_1_4' title="bbox 394 2225 2644 3916">
     <span class='ocr_line' id='line_1_23' title="bbox 575 2225 2544 2316; baseline 0 -24"><span class='ocrx_word' id='word_1_161' title='bbox 575 2227 716 2294; x_wconf 90' lang='lat' dir='ltr'><strong>Nec</strong></span> <span class='ocrx_word' id='word_1_162' title='bbox 775 2227 1101 2316; x_wconf 89' lang='lat' dir='ltr'><strong>prohibuit</strong></span> <span class='ocrx_word' id='word_1_163' title='bbox 1146 2225 1369 2293; x_wconf 89' lang='lat' dir='ltr'><strong>Penda</strong></span> <span class='ocrx_word' id='word_1_164' title='bbox 1412 2250 1560 2313; x_wconf 83' lang='lat' dir='ltr'><strong>rex,</strong></span> <span class='ocrx_word' id='word_1_165' title='bbox 1623 2229 1778 2314; x_wconf 92' lang='lat' dir='ltr'><strong>quin</strong></span> <span class='ocrx_word' id='word_1_166' title='bbox 1837 2229 2034 2293; x_wconf 88' lang='lat' dir='ltr'><strong>etiam</strong></span> <span class='ocrx_word' id='word_1_167' title='bbox 2080 2229 2146 2292; x_wconf 91' lang='lat' dir='ltr'><strong>in</strong></span> <span class='ocrx_word' id='word_1_168' title='bbox 2209 2251 2354 2312; x_wconf 91' lang='lat' dir='ltr'><strong>sua,</strong></span> <span class='ocrx_word' id='word_1_169' title='bbox 2414 2227 2544 2293; x_wconf 90' lang='lat' dir='ltr'><strong>hoc</strong></span> 
     </span>
     <span class='ocr_line' id='line_1_24' title="bbox 394 2315 2538 2402; baseline -0.001 -18"><span class='ocrx_word' id='word_1_170' title='bbox 394 2328 493 2384; x_wconf 88' lang='lat' dir='ltr'><strong>est</strong></span> <span class='ocrx_word' id='word_1_171' title='bbox 556 2317 982 2402; x_wconf 88' lang='lat' dir='ltr'><strong>Merciorum,</strong></span> <span class='ocrx_word' id='word_1_172' title='bbox 1051 2319 1311 2382; x_wconf 88' lang='lat' dir='ltr'><strong>natione</strong></span> <span class='ocrx_word' id='word_1_173' title='bbox 1374 2317 1679 2402; x_wconf 89' lang='lat' dir='ltr'><strong>uerbum,</strong></span> <span class='ocrx_word' id='word_1_174' title='bbox 1746 2318 1916 2402; x_wconf 88' lang='lat' dir='ltr'><strong>siqui</strong></span> <span class='ocrx_word' id='word_1_175' title='bbox 1983 2317 2221 2383; x_wconf 91' lang='lat' dir='ltr'><strong>uellent</strong></span> <span class='ocrx_word' id='word_1_176' title='bbox 2290 2315 2538 2400; x_wconf 88' lang='lat' dir='ltr'><strong>audire,</strong></span> 
     </span>
     <span class='ocr_line' id='line_1_25' title="bbox 395 2404 2544 2495; baseline -0.001 -23"><span class='ocrx_word' id='word_1_177' title='bbox 395 2406 898 2495; x_wconf 87' lang='lat' dir='ltr'><strong>praedicaretur.</strong></span> <span class='ocrx_word' id='word_1_178' title='bbox 993 2404 1166 2485; x_wconf 84' lang='lat' dir='ltr'><strong>Quin</strong></span> <span class='ocrx_word' id='word_1_179' title='bbox 1220 2407 1433 2493; x_wconf 89' lang='lat' dir='ltr'><strong>potius</strong></span> <span class='ocrx_word' id='word_1_180' title='bbox 1489 2404 1635 2471; x_wconf 90' lang='lat' dir='ltr'><strong>odio</strong></span> <span class='ocrx_word' id='word_1_181' title='bbox 1697 2404 1982 2471; x_wconf 88' lang='lat' dir='ltr'><strong>habebat</strong></span> <span class='ocrx_word' id='word_1_182' title='bbox 2030 2415 2095 2470; x_wconf 92' lang='lat' dir='ltr'><strong>et</strong></span> <span class='ocrx_word' id='word_1_183' title='bbox 2155 2405 2544 2492; x_wconf 88' lang='lat' dir='ltr'><strong>dispiciebat</strong></span> 
     </span>
     <span class='ocr_line' id='line_1_26' title="bbox 398 2493 2544 2582; baseline -0.001 -21"><span class='ocrx_word' id='word_1_184' title='bbox 398 2519 528 2580; x_wconf 77' lang='lat' dir='ltr'><strong>eOS,</strong></span> <span class='ocrx_word' id='word_1_185' title='bbox 579 2517 737 2582; x_wconf 90' lang='lat' dir='ltr'><strong>quos</strong></span> <span class='ocrx_word' id='word_1_186' title='bbox 784 2493 910 2560; x_wconf 88' lang='lat' dir='ltr'><strong>fide</strong></span> <span class='ocrx_word' id='word_1_187' title='bbox 944 2493 1185 2560; x_wconf 81' lang='lat' dir='ltr'><strong>Christi</strong></span> <span class='ocrx_word' id='word_1_188' title='bbox 1229 2496 1486 2560; x_wconf 89' lang='lat' dir='ltr'><strong>inbutos</strong></span> <span class='ocrx_word' id='word_1_189' title='bbox 1535 2517 1732 2582; x_wconf 86' lang='lat' dir='ltr'><strong>opera</strong></span> <span class='ocrx_word' id='word_1_190' title='bbox 1775 2493 1929 2560; x_wconf 91' lang='lat' dir='ltr'><strong>fidei</strong></span> <span class='ocrx_word' id='word_1_191' title='bbox 1972 2517 2102 2560; x_wconf 92' lang='lat' dir='ltr'><strong>non</strong></span> <span class='ocrx_word' id='word_1_192' title='bbox 2144 2494 2385 2560; x_wconf 85' lang='lat' dir='ltr'><strong>habere</strong></span> <span class='ocrx_word' id='word_1_193' title='bbox 2431 2494 2544 2560; x_wconf 91' lang='lat' dir='ltr'><strong>de·</strong></span> 
     </span>
     <span class='ocr_line' id='line_1_27' title="bbox 398 2583 2540 2671; baseline -0 -22"><span class='ocrx_word' id='word_1_194' title='bbox 398 2584 758 2671; x_wconf 89' lang='lat' dir='ltr'><strong>prehendit,</strong></span> <span class='ocrx_word' id='word_1_195' title='bbox 808 2583 1027 2649; x_wconf 90' lang='lat' dir='ltr'><strong>dicens</strong></span> <span class='ocrx_word' id='word_1_196' title='bbox 1074 2583 1574 2650; x_wconf 88' lang='lat' dir='ltr'><strong>contemnendos</strong></span> <span class='ocrx_word' id='word_1_197' title='bbox 1621 2606 1763 2650; x_wconf 90' lang='lat' dir='ltr'><strong>esse</strong></span> <span class='ocrx_word' id='word_1_198' title='bbox 1811 2606 1920 2649; x_wconf 91' lang='lat' dir='ltr'><strong>eos</strong></span> <span class='ocrx_word' id='word_1_199' title='bbox 1968 2594 2034 2649; x_wconf 90' lang='lat' dir='ltr'><strong>et</strong></span> <span class='ocrx_word' id='word_1_200' title='bbox 2079 2585 2368 2667; x_wconf 89' lang='lat' dir='ltr'><strong>miseros,</strong></span> <span class='ocrx_word' id='word_1_201' title='bbox 2421 2586 2540 2670; x_wconf 91' lang='lat' dir='ltr'><strong>qui</strong></span> 
     </span>
     <span class='ocr_line' id='line_1_28' title="bbox 400 2671 2538 2758; baseline 0 -19"><span class='ocrx_word' id='word_1_202' title='bbox 400 2673 521 2739; x_wconf 90' lang='lat' dir='ltr'><strong>deo</strong></span> <span class='ocrx_word' id='word_1_203' title='bbox 588 2696 735 2755; x_wconf 90' lang='lat' dir='ltr'><strong>suo,</strong></span> <span class='ocrx_word' id='word_1_204' title='bbox 812 2676 880 2738; x_wconf 91' lang='lat' dir='ltr'><strong>in</strong></span> <span class='ocrx_word' id='word_1_205' title='bbox 945 2695 1137 2758; x_wconf 90' lang='lat' dir='ltr'><strong>quem</strong></span> <span class='ocrx_word' id='word_1_206' title='bbox 1200 2672 1571 2757; x_wconf 88' lang='lat' dir='ltr'><strong>crederent,</strong></span> <span class='ocrx_word' id='word_1_207' title='bbox 1651 2671 1952 2738; x_wconf 89' lang='lat' dir='ltr'><strong>oboedire</strong></span> <span class='ocrx_word' id='word_1_208' title='bbox 2030 2682 2538 2739; x_wconf 85' lang='lat' dir='ltr'><strong>contemnerent.</strong></span> 
     </span>
     <span class='ocr_line' id='line_1_29' title="bbox 400 2759 2542 2848; baseline 0.001 -23"><span class='ocrx_word' id='word_1_209' title='bbox 400 2759 651 2848; x_wconf 84' lang='lat' dir='ltr'><strong>Coepta</strong></span> <span class='ocrx_word' id='word_1_210' title='bbox 710 2771 857 2826; x_wconf 88' lang='lat' dir='ltr'><strong>sunt</strong></span> <span class='ocrx_word' id='word_1_211' title='bbox 916 2761 1077 2827; x_wconf 89' lang='lat' dir='ltr'><strong>haec</strong></span> <span class='ocrx_word' id='word_1_212' title='bbox 1135 2762 1392 2827; x_wconf 90' lang='lat' dir='ltr'><strong>biennio</strong></span> <span class='ocrx_word' id='word_1_213' title='bbox 1459 2773 1609 2827; x_wconf 88' lang='lat' dir='ltr'><strong>ante</strong></span> <span class='ocrx_word' id='word_1_214' title='bbox 1675 2773 1952 2828; x_wconf 90' lang='lat' dir='ltr'><strong>mortem</strong></span> <span class='ocrx_word' id='word_1_215' title='bbox 2008 2761 2274 2827; x_wconf 89' lang='lat' dir='ltr'><strong>Pendan</strong></span> <span class='ocrx_word' id='word_1_216' title='bbox 2341 2764 2542 2848; x_wconf 86' lang='lat' dir='ltr'><strong>regis.</strong></span> 
     </span>
     <span class='ocr_line' id='line_1_30' title="bbox 400 2847 2544 2937; baseline 0.002 -24"><span class='ocrx_word' id='word_1_217' title='bbox 400 2848 555 2935; x_wconf 90' lang='lat' dir='ltr'><strong>Ipso</strong></span> <span class='ocrx_word' id='word_1_218' title='bbox 616 2859 835 2915; x_wconf 88' lang='lat' dir='ltr'><strong>autem</strong></span> <span class='ocrx_word' id='word_1_219' title='bbox 896 2853 1136 2935; x_wconf 88' lang='lat' dir='ltr'><strong>occiso,</strong></span> <span class='ocrx_word' id='word_1_220' title='bbox 1201 2874 1347 2916; x_wconf 91' lang='lat' dir='ltr'><strong>cum</strong></span> <span class='ocrx_word' id='word_1_221' title='bbox 1396 2847 1603 2916; x_wconf 89' lang='lat' dir='ltr'><strong>Osuiu</strong></span> <span class='ocrx_word' id='word_1_222' title='bbox 1647 2873 1766 2916; x_wconf 86' lang='lat' dir='ltr'><strong>rex</strong></span> <span class='ocrx_word' id='word_1_223' title='bbox 1811 2850 2216 2917; x_wconf 82' lang='lat' dir='ltr'><strong>Christianus</strong></span> <span class='ocrx_word' id='word_1_224' title='bbox 2263 2873 2544 2937; x_wconf 85' lang='lat' dir='ltr'><strong>regnum</strong></span> 
     </span>
     <span class='ocr_line' id='line_1_31' title="bbox 401 2938 2540 3026; baseline 0.001 -22"><span class='ocrx_word' id='word_1_225' title='bbox 401 2940 542 3004; x_wconf 91' lang='lat' dir='ltr'><strong>eius</strong></span> <span class='ocrx_word' id='word_1_226' title='bbox 608 2941 958 3026; x_wconf 86' lang='lat' dir='ltr'><strong>acciperet,</strong></span> <span class='ocrx_word' id='word_1_227' title='bbox 1026 2949 1098 3004; x_wconf 91' lang='lat' dir='ltr'><strong>ut</strong></span> <span class='ocrx_word' id='word_1_228' title='bbox 1160 2942 1227 3004; x_wconf 93' lang='lat' dir='ltr'><strong>in</strong></span> <span class='ocrx_word' id='word_1_229' title='bbox 1295 2942 1712 3026; x_wconf 89' lang='lat' dir='ltr'><strong>sequentibus</strong></span> <span class='ocrx_word' id='word_1_230' title='bbox 1777 2938 2091 3025; x_wconf 86' lang='lat' dir='ltr'><strong>dicemus,</strong></span> <span class='ocrx_word' id='word_1_231' title='bbox 2159 2941 2368 3006; x_wconf 86' lang='lat' dir='ltr'><strong>factus</strong></span> <span class='ocrx_word' id='word_1_232' title='bbox 2437 2953 2540 3006; x_wconf 90' lang='lat' dir='ltr'><strong>est</strong></span> 
     </span>
     <span class='ocr_line' id='line_1_32' title="bbox 404 3027 2644 3116; baseline 0.001 -24"><span class='ocrx_word' id='word_1_233' title='bbox 404 3027 649 3092; x_wconf 89' lang='lat' dir='ltr'><strong>Diuma</strong></span> <span class='ocrx_word' id='word_1_234' title='bbox 692 3050 855 3093; x_wconf 90' lang='lat' dir='ltr'><strong>unus</strong></span> <span class='ocrx_word' id='word_1_235' title='bbox 904 3051 986 3094; x_wconf 83' lang='lat' dir='ltr'><strong>ex</strong></span> <span class='ocrx_word' id='word_1_236' title='bbox 1020 3029 1330 3116; x_wconf 88' lang='lat' dir='ltr'><strong>praefatis</strong></span> <span class='ocrx_word' id='word_1_237' title='bbox 1363 3027 1508 3094; x_wconf 90' lang='grc' dir='ltr'><strong>ΙΙΠ</strong></span> <span class='ocrx_word' id='word_1_238' title='bbox 1553 3027 1992 3095; x_wconf 89' lang='lat' dir='ltr'><strong>sacerdotibus</strong></span> <span class='ocrx_word' id='word_1_239' title='bbox 2031 3031 2370 3116; x_wconf 89' lang='lat' dir='ltr'><strong>episcopus</strong></span> <span class='ocrx_word' id='word_1_240' title='bbox 2402 3029 2543 3095; x_wconf 88' lang='lat' dir='ltr'><strong>Me·</strong></span> <span class='ocrx_word' id='word_1_241' title='bbox 2629 3071 2644 3080; x_wconf 92' lang='lat'><strong>·</strong></span> 
     </span>
     <span class='ocr_line' id='line_1_33' title="bbox 404 3117 2544 3202; baseline 0.001 -21"><span class='ocrx_word' id='word_1_242' title='bbox 404 3117 915 3182; x_wconf 88' lang='lat' dir='ltr'><strong>diterraneorum</strong></span> <span class='ocrx_word' id='word_1_243' title='bbox 961 3117 1323 3202; x_wconf 88' lang='lat' dir='ltr'><strong>Anglorum</strong></span> <span class='ocrx_word' id='word_1_244' title='bbox 1371 3119 1561 3183; x_wconf 89' lang='lat' dir='ltr'><strong>simul</strong></span> <span class='ocrx_word' id='word_1_245' title='bbox 1607 3129 1673 3183; x_wconf 91' lang='lat' dir='ltr'><strong>et</strong></span> <span class='ocrx_word' id='word_1_246' title='bbox 1717 3117 2140 3202; x_wconf 88' lang='lat' dir='ltr'><strong>Merciorum,</strong></span> <span class='ocrx_word' id='word_1_247' title='bbox 2211 3118 2544 3184; x_wconf 87' lang='lat' dir='ltr'><strong>ordinatus</strong></span> 
     </span>
     <span class='ocr_line' id='line_1_34' title="bbox 404 3205 2545 3294; baseline 0.001 -23"><span class='ocrx_word' id='word_1_248' title='bbox 404 3230 443 3271; x_wconf 90' lang='lat' dir='ltr'><strong>a</strong></span> <span class='ocrx_word' id='word_1_249' title='bbox 488 3205 737 3271; x_wconf 86' lang='lat' dir='ltr'><strong>Finano</strong></span> <span class='ocrx_word' id='word_1_250' title='bbox 798 3209 1118 3294; x_wconf 80' lang='lat' dir='ltr'><strong>episcopo,</strong></span> <span class='ocrx_word' id='word_1_251' title='bbox 1210 3206 1512 3272; x_wconf 86' lang='lat' dir='ltr'><strong>Paucitas</strong></span> <span class='ocrx_word' id='word_1_252' title='bbox 1571 3209 1740 3273; x_wconf 89' lang='lat' dir='ltr'><strong>enim</strong></span> <span class='ocrx_word' id='word_1_253' title='bbox 1802 3207 2207 3273; x_wconf 85' lang='lat' dir='ltr'><strong>sacerdotum</strong></span> <span class='ocrx_word' id='word_1_254' title='bbox 2266 3209 2545 3293; x_wconf 88' lang='lat' dir='ltr'><strong>cogebat</strong></span> 
     </span>
     <span class='ocr_line' id='line_1_35' title="bbox 404 3294 2542 3384; baseline 0.002 -26"><span class='ocrx_word' id='word_1_255' title='bbox 404 3317 600 3360; x_wconf 89' lang='lat' dir='ltr'><strong>unum</strong></span> <span class='ocrx_word' id='word_1_256' title='bbox 647 3296 1000 3360; x_wconf 88' lang='lat' dir='ltr'><strong>antistitem</strong></span> <span class='ocrx_word' id='word_1_257' title='bbox 1046 3296 1294 3361; x_wconf 91' lang='lat' dir='ltr'><strong>duobus</strong></span> <span class='ocrx_word' id='word_1_258' title='bbox 1340 3297 1593 3382; x_wconf 92' lang='lat' dir='ltr'><strong>populis</strong></span> <span class='ocrx_word' id='word_1_259' title='bbox 1639 3294 1921 3384; x_wconf 89' lang='lat' dir='ltr'><strong>praefici.</strong></span> <span class='ocrx_word' id='word_1_260' title='bbox 1987 3295 2118 3376; x_wconf 84' lang='lat' dir='ltr'><strong>Qui</strong></span> <span class='ocrx_word' id='word_1_261' title='bbox 2154 3320 2303 3362; x_wconf 91' lang='lat' dir='ltr'><strong>cum</strong></span> <span class='ocrx_word' id='word_1_262' title='bbox 2335 3320 2542 3384; x_wconf 90' lang='lat' dir='ltr'><strong>pauco</strong></span> 
     </span>
     <span class='ocr_line' id='line_1_36' title="bbox 403 3383 2542 3472; baseline 0.003 -26"><span class='ocrx_word' id='word_1_263' title='bbox 403 3384 523 3449; x_wconf 91' lang='lat' dir='ltr'><strong>sub</strong></span> <span class='ocrx_word' id='word_1_264' title='bbox 570 3393 861 3471; x_wconf 90' lang='lat' dir='ltr'><strong>tempore</strong></span> <span class='ocrx_word' id='word_1_265' title='bbox 890 3406 1017 3450; x_wconf 91' lang='lat' dir='ltr'><strong>non</strong></span> <span class='ocrx_word' id='word_1_266' title='bbox 1094 3407 1323 3450; x_wconf 87' lang='lat' dir='ltr'><strong>aucam</strong></span> <span class='ocrx_word' id='word_1_267' title='bbox 1371 3383 1624 3449; x_wconf 90' lang='lat' dir='ltr'><strong>domino</strong></span> <span class='ocrx_word' id='word_1_268' title='bbox 1674 3386 1928 3471; x_wconf 86' lang='lat' dir='ltr'><strong>plebem</strong></span> <span class='ocrx_word' id='word_1_269' title='bbox 1975 3385 2382 3472; x_wconf 87' lang='lat' dir='ltr'><strong>adquisisset,</strong></span> <span class='ocrx_word' id='word_1_270' title='bbox 2431 3384 2542 3452; x_wconf 91' lang='lat' dir='ltr'><strong>de-</strong></span> 
     </span>
     <span class='ocr_line' id='line_1_37' title="bbox 404 3471 2546 3562; baseline 0.002 -26"><span class='ocrx_word' id='word_1_271' title='bbox 404 3473 658 3538; x_wconf 86' lang='lat' dir='ltr'><strong>functus</strong></span> <span class='ocrx_word' id='word_1_272' title='bbox 707 3484 803 3538; x_wconf 90' lang='lat' dir='ltr'><strong>est</strong></span> <span class='ocrx_word' id='word_1_273' title='bbox 848 3471 1019 3560; x_wconf 90' lang='lat' dir='ltr'><strong>apud</strong></span> <span class='ocrx_word' id='word_1_274' title='bbox 1130 3473 1566 3539; x_wconf 84' lang='lat' dir='ltr'><strong>editerraneos</strong></span> <span class='ocrx_word' id='word_1_275' title='bbox 1611 3473 1861 3560; x_wconf 84' lang='lat' dir='ltr'><strong>Anglos</strong></span> <span class='ocrx_word' id='word_1_276' title='bbox 1907 3477 1971 3540; x_wconf 91' lang='lat' dir='ltr'><strong>in</strong></span> <span class='ocrx_word' id='word_1_277' title='bbox 2019 3477 2320 3561; x_wconf 88' lang='lat' dir='ltr'><strong>regione,</strong></span> <span class='ocrx_word' id='word_1_278' title='bbox 2379 3498 2546 3562; x_wconf 86' lang='lat' dir='ltr'><strong>quae</strong></span> 
     </span>
     <span class='ocr_line' id='line_1_38' title="bbox 403 3559 2545 3652; baseline 0.003 -28"><span class='ocrx_word' id='word_1_279' title='bbox 403 3571 672 3626; x_wconf 87' lang='lat' dir='ltr'><strong>uocatur</strong></span> <span class='ocrx_word' id='word_1_280' title='bbox 747 3561 1230 3650; x_wconf 85' lang='lat' dir='ltr'><strong>Infeppingum.</strong></span> <span class='ocrx_word' id='word_1_281' title='bbox 1347 3559 1648 3649; x_wconf 84' lang='lat' dir='ltr'><strong>Suscepit</strong></span> <span class='ocrx_word' id='word_1_282' title='bbox 1722 3585 1838 3650; x_wconf 87' lang='lat' dir='ltr'><strong>pro</strong></span> <span class='ocrx_word' id='word_1_283' title='bbox 1914 3563 2025 3630; x_wconf 90' lang='lat' dir='ltr'><strong>illo</strong></span> <span class='ocrx_word' id='word_1_284' title='bbox 2101 3567 2545 3652; x_wconf 88' lang='lat' dir='ltr'><strong>episcopatum</strong></span> 
     </span>
     <span class='ocr_line' id='line_1_39' title="bbox 408 3647 2544 3739; baseline 0.003 -26"><span class='ocrx_word' id='word_1_285' title='bbox 408 3647 711 3714; x_wconf 89' lang='lat' dir='ltr'><strong>Ceollach</strong></span> <span class='ocrx_word' id='word_1_286' title='bbox 760 3660 824 3715; x_wconf 90' lang='lat' dir='ltr'><strong>et</strong></span> <span class='ocrx_word' id='word_1_287' title='bbox 868 3654 1008 3738; x_wconf 88' lang='lat' dir='ltr'><strong>ipse</strong></span> <span class='ocrx_word' id='word_1_288' title='bbox 1068 3651 1148 3717; x_wconf 89' lang='lat' dir='ltr'><strong>de</strong></span> <span class='ocrx_word' id='word_1_289' title='bbox 1206 3653 1469 3716; x_wconf 86' lang='lat' dir='ltr'><strong>natione</strong></span> <span class='ocrx_word' id='word_1_290' title='bbox 1515 3649 1917 3735; x_wconf 82' lang='lat' dir='ltr'><strong>Scottorum,</strong></span> <span class='ocrx_word' id='word_1_291' title='bbox 1981 3655 2090 3739; x_wconf 92' lang='lat' dir='ltr'><strong>qui</strong></span> <span class='ocrx_word' id='word_1_292' title='bbox 2151 3675 2284 3718; x_wconf 90' lang='lat' dir='ltr'><strong>non</strong></span> <span class='ocrx_word' id='word_1_293' title='bbox 2344 3654 2544 3720; x_wconf 89' lang='lat' dir='ltr'><strong>multo</strong></span> 
     </span>
     <span class='ocr_line' id='line_1_40' title="bbox 407 3739 2544 3828; baseline 0.004 -28"><span class='ocrx_word' id='word_1_294' title='bbox 407 3746 574 3822; x_wconf 90' lang='lat' dir='ltr'><strong>post,</strong></span> <span class='ocrx_word' id='word_1_295' title='bbox 621 3739 843 3804; x_wconf 89' lang='lat' dir='ltr'><strong>relicto</strong></span> <span class='ocrx_word' id='word_1_296' title='bbox 892 3742 1286 3828; x_wconf 78' lang='lat' dir='ltr'><strong>episcopata,</strong></span> <span class='ocrx_word' id='word_1_297' title='bbox 1334 3764 1632 3806; x_wconf 89' lang='lat' dir='ltr'><strong>reuersus</strong></span> <span class='ocrx_word' id='word_1_298' title='bbox 1680 3750 1778 3806; x_wconf 89' lang='lat' dir='ltr'><strong>est</strong></span> <span class='ocrx_word' id='word_1_299' title='bbox 1824 3741 1907 3806; x_wconf 93' lang='lat' dir='ltr'><strong>ad</strong></span> <span class='ocrx_word' id='word_1_300' title='bbox 1949 3741 2222 3808; x_wconf 90' lang='lat' dir='ltr'><strong>insulam</strong></span> <span class='ocrx_word' id='word_1_301' title='bbox 2248 3740 2388 3828; x_wconf 85' lang='lat' dir='ltr'><strong>Hii,</strong></span> <span class='ocrx_word' id='word_1_302' title='bbox 2435 3743 2544 3809; x_wconf 92' lang='lat' dir='ltr'><strong>ubi</strong></span> 
     </span>
     <span class='ocr_line' id='line_1_41' title="bbox 408 3826 2544 3916; baseline 0.004 -28"><span class='ocrx_word' id='word_1_303' title='bbox 408 3826 830 3911; x_wconf 84' lang='lat' dir='ltr'><strong>plurimorum</strong></span> <span class='ocrx_word' id='word_1_304' title='bbox 878 3839 1069 3916; x_wconf 90' lang='lat' dir='ltr'><strong>caput</strong></span> <span class='ocrx_word' id='word_1_305' title='bbox 1115 3840 1178 3895; x_wconf 90' lang='lat' dir='ltr'><strong>et</strong></span> <span class='ocrx_word' id='word_1_306' title='bbox 1224 3851 1438 3894; x_wconf 88' lang='lat' dir='ltr'><strong>arcem</strong></span> <span class='ocrx_word' id='word_1_307' title='bbox 1471 3827 1677 3895; x_wconf 90' lang='lat' dir='ltr'><strong>Scotti</strong></span> <span class='ocrx_word' id='word_1_308' title='bbox 1724 3830 2009 3896; x_wconf 88' lang='lat' dir='ltr'><strong>habuere</strong></span> <span class='ocrx_word' id='word_1_309' title='bbox 2055 3832 2544 3898; x_wconf 83' lang='lat' dir='ltr'><strong>coenobiorum:</strong></span> 
     </span>
    </p>
   </div>
  </div>
 </body>
</html>
