2723 4326
166 210 233 263 11.
273 212 322 266 2.
2216 217 2297 281 67

165 388 585 475 prudentem,
658 390 768 474 qui
825 386 997 474 apud
1058 409 1165 452 eos
1221 386 1739 454 anachoreticam
1806 386 2041 455 ducere
2099 392 2301 457 uitam

6 452 14 563 l
164 476 436 560 solebat,
485 477 909 562 consulentes,
959 498 1041 541 an
1071 475 1154 541 ad
1199 475 1745 563 praedicationem
1774 476 2125 564 Augustini
2155 503 2303 546 suas

163 564 468 632 deserere
500 564 875 630 traditiones
923 564 1252 631 deberent.
1316 564 1446 645 Qui
1476 566 1936 653 respondebat:
1987 564 2081 632 ‘Si
2110 567 2302 634 homo

5 654 12 751 'fi
163 655 269 720 dei
316 664 447 739 est,
510 656 850 740 sequimini
895 654 1118 721 illum.’
1208 654 1565 721 Dixerunt:
1630 656 1737 719 ‘Et
1782 654 1949 721 unde
1993 655 2115 721 hoc
2159 681 2304 746 pos-

6 770 8 773 *
160 767 385 808 sumus
430 742 773 831 probare?'
821 742 912 808 At
942 744 1076 808 ille:
1126 742 1485 809 ‘Dominus’
1516 746 1725 830 inquit
1763 744 1875 810 ‘ait
1913 744 2038 830 (eu.
2072 746 2298 813 Matth.

164 835 267 917 11,
305 835 451 917 29):
509 832 783 912 „Tollite
828 834 1052 917 iugum
1097 855 1314 897 meum
1359 855 1553 919 super
1587 855 1705 898 uos
1739 842 1804 898 et
1849 832 2074 901 discite
2106 858 2144 899 a
2174 858 2300 922 me,

163 924 316 1007 quia
380 923 557 985 mitis
618 943 758 986 sum
805 930 870 986 et
929 921 1186 986 humilis
1232 922 1481 1005 corde.“
1582 919 1655 988 Si
1701 944 1855 1007 ergo
1902 921 2303 1009 Augustinus

161 1010 266 1075 ille
313 1012 493 1075 mitis
541 1021 640 1075 est
684 1020 750 1075 et
793 1010 1053 1075 humilis
1099 1008 1310 1094 corde,
1363 1009 1669 1076 credibile
1716 1022 1831 1096 est,
1882 1014 2033 1097 quia
2078 1015 2303 1099 iugum

6 1172 8 1179 ,
163 1098 408 1165 Christi
469 1108 534 1164 et
578 1101 720 1186 ipse
785 1108 1001 1186 portet
1060 1108 1124 1163 et
1179 1099 1365 1165 uobis
1428 1098 1811 1187 portandum
1872 1100 2128 1185 offer-at3
2202 1106 2301 1168 sin

6 1184 9 1249 l
161 1197 382 1255 autem
427 1189 672 1253 inmitis
702 1211 776 1253 ac
810 1188 1126 1274 superbus
1159 1197 1288 1273 est,
1353 1198 1636 1273 constat,
1706 1190 1857 1275 quia
1900 1211 2027 1255 non
2074 1200 2173 1256 est
2220 1192 2303 1257 de

6 1280 8 1293 ⁵
161 1275 298 1364 deo,
348 1299 561 1363 neque
603 1278 788 1343 nobis
837 1279 973 1342 eius
1019 1299 1230 1343 sermo
1279 1276 1640 1343 curandus!
1730 1277 1861 1357 Qui
1904 1301 2122 1344 rursus
2168 1284 2298 1346 aie-

159 1366 350 1431 bant:
403 1365 512 1429 ‘Et
557 1365 728 1431 unde
772 1366 877 1432 uel
921 1365 1044 1431 hoc
1091 1366 1420 1431 dinoscere
1466 1366 1819 1433 ualemusP'
1889 1367 2300 1455 ‘Procurate,’

157 1456 371 1542 inquit
417 1457 510 1519 ‘ut
553 1456 692 1541 ipse
737 1456 916 1541 prior
962 1478 1108 1519 cum
1155 1457 1284 1521 suis
1335 1453 1419 1519 ad
1442 1456 1653 1521 locum
1702 1456 1934 1541 synodi
1978 1457 2303 1544 adueniat,

161 1554 226 1610 et
259 1545 314 1609 si
353 1543 540 1608 uobis
585 1543 1248 1632 adpropinquantibus
1295 1543 1759 1629 adsurrexerit,
1808 1548 2103 1631 scientes,
2154 1550 2305 1634 quia

156 1632 438 1699 famulus
499 1630 742 1698 Christi
828 1641 952 1717 est,
1035 1633 1557 1720 obtemperanter
1619 1633 1799 1698 illum
1876 1634 2123 1719 audite3
2203 1639 2305 1703 sin

157 1732 380 1788 autem
423 1743 541 1787 uos
589 1723 907 1807 spreuerit
952 1744 1072 1786 nec
1119 1744 1335 1788 coram
1383 1722 1567 1787 uobis
1615 1722 1963 1807 adsurgere
2009 1724 2302 1811 uoluerit,

157 1834 308 1877 cum
356 1812 494 1875 sitis
540 1832 807 1875 numero
854 1812 1096 1896 plures,
1146 1820 1213 1877 et
1258 1813 1400 1897 ipse
1446 1820 1785 1897 spernatur
1828 1833 1869 1876 a
1910 1813 2135 1878 uobis!

337 1899 684 1982 Fecerunt,
730 1908 804 1964 ut
834 1899 1116 1965 dixerat.
1179 1900 1582 1985 Factumque
1614 1909 1731 1984 est,
1780 1909 1851 1964 ut
1896 1902 2303 1968 uenientibus

166 1988 293 2053 illis
343 1988 598 2054 sederet
641 1987 1042 2073 Augustinus
1086 1990 1156 2053 in
1200 1989 1376 2054 sella.
1449 1986 1638 2067 Quod
1682 1989 1775 2053 illi
1820 1990 2108 2056 uidentes
2154 2015 2309 2059 mox

163 2079 232 2142 in
262 2080 430 2143 iram
479 2080 772 2143 conuersi
805 2085 954 2143 sunt
985 2100 1260 2165 eumque
1303 2086 1603 2142 notantes
1648 2078 1990 2165 superbiae
2038 2082 2301 2167 cunctis,

160 2189 327 2255 quae
397 2165 688 2252 dicebat,
755 2167 1195 2233 contradicere
1259 2165 1659 2234 laborabant.
1752 2166 2032 2234 Dicebat
2088 2179 2305 2235 autem

157 2259 279 2321 eis:
359 2254 549 2334 ‘Quia
593 2257 664 2320 in
709 2258 929 2322 multis
977 2256 1234 2343 quidem
1280 2265 1541 2321 nostrae
1586 2255 2059 2341 consuetudini,
2107 2261 2303 2324 immo

155 2344 540 2410 uniuersalis
587 2345 898 2410 ecclesiae
947 2347 1270 2410 contraria
1315 2347 1571 2431 geritis:
1622 2353 1688 2410 et
1732 2355 1948 2410 tamen
1994 2347 2048 2410 si
2092 2348 2161 2411 in
2189 2349 2301 2411 tri·

155 2434 274 2498 bus
319 2433 422 2498 his
469 2433 628 2498 mihi
675 2434 1124 2521 obtemperare
1168 2435 1389 2517 uultis,
1444 2443 1517 2498 ut
1560 2434 1804 2521 pascha
1849 2457 1962 2500 suo
2010 2445 2301 2522 tempore

154 2522 522 2606 celebretis3
571 2531 642 2587 ut
671 2523 1098 2588 ministerium
1133 2522 1527 2610 baptizandi,
1574 2544 1699 2609 quo
1731 2523 1852 2589 deo
1882 2527 2299 2610 renascimur,

153 2614 334 2676 iuxta
393 2633 641 2676 morem
701 2622 961 2678 sanctae
1030 2611 1361 2676 Romanae
1421 2621 1488 2678 et
1546 2612 1937 2698 apostolicae
1996 2612 2305 2680 ecclesiae

155 2700 565 2788 compleatis3
635 2709 707 2765 ut
766 2703 948 2784 genti
1016 2699 1383 2786 Anglorum
1445 2721 1575 2766 una
1637 2700 1971 2766 nobiscum
2032 2703 2304 2770 uerbum

155 2789 403 2854 domini
450 2788 866 2876 praedicetis:
923 2799 1164 2875 cetera,
1211 2811 1378 2875 quae
1410 2791 1632 2874 agitis,
1682 2792 1977 2875 quamuis
2019 2793 2307 2860 moribus

152 2880 393 2944 nostris
458 2879 784 2943 contraria
847 2879 1318 2965 aequanimiter
1378 2887 1611 2943 cuncta
1666 2879 2127 2946 tolerabimus.'
2217 2881 2311 2947 At

152 2968 248 3032 illi
293 2968 386 3032 m]
433 2965 665 3031 horum
711 2990 783 3033 se
830 2967 1118 3033 facturos
1164 2989 1375 3053 neque
1418 2967 1601 3032 illum
1659 2990 1778 3054 pro
1825 2970 2307 3058 archiepiscopo

155 3055 495 3124 habituros
575 3078 716 3120 esse
791 3055 1299 3143 respondebant:
1382 3056 1782 3122 conferentes
1850 3058 1934 3122 ad
2007 3061 2305 3142 inuicem,

149 3148 307 3231 quia
370 3144 447 3209 ‘si
495 3144 684 3209 modo
729 3145 915 3228 nobis
963 3143 1317 3230 adsurgere
1364 3144 1595 3230 noluit,
1662 3155 1899 3232 quanto
1954 3151 2192 3232 magis,
2250 3149 2304 3212 si

147 3237 208 3299 ei
255 3233 448 3300 subdi
495 3233 913 3320 coeperimus,
961 3234 1091 3297 iam
1136 3257 1252 3299 nos
1299 3256 1417 3321 pro
1462 3231 1661 3298 nihilo
1710 3237 2125 3300 contemnet!

331 3321 588 3401 Quibus
632 3323 735 3387 uir
779 3321 1022 3387 domini
1066 3322 1471 3408 Augustinus
1518 3322 1727 3387 fertur
1772 3325 2076 3388 minitans
2122 3345 2303 3411 prae-

150 3411 423 3494 dixisse,
490 3412 669 3497 quia,
732 3411 786 3474 si
845 3433 1078 3498 pacem
1125 3433 1272 3476 cum
1317 3410 1628 3476 fratribus
1688 3413 1983 3498 accipere
2040 3415 2301 3497 nollent,

150 3500 396 3567 bellum
447 3500 531 3565 ab
577 3499 866 3566 hostibus
926 3501 1142 3565 forent
1195 3501 1556 3587 accepturi3
1606 3507 1671 3565 et
1695 3501 1748 3562 si
1794 3502 2039 3566 nationi
2060 3502 2303 3588 Anglo-

150 3611 298 3656 rum
347 3589 705 3655 noluissent
749 3591 924 3653 uiam
969 3591 1145 3654 uitae
1204 3589 1602 3676 praedicare,
1648 3610 1765 3674 per
1808 3587 2037 3655 horum
2078 3614 2307 3656 manus

145 3679 464 3745 ultionem
513 3686 734 3742 essent
779 3679 1006 3743 mortis
1052 3681 1323 3766 passuri.
1418 3675 1608 3756 Quod
1653 3680 1747 3742 ita
1789 3700 1907 3765 per
1954 3683 2187 3765 omnia,
2234 3689 2308 3744 ut

147 3766 591 3854 praedixerat,
643 3767 861 3832 diuino
907 3776 1145 3851 agente
1189 3765 1425 3832 iudicio
1469 3775 1797 3854 patratum
1845 3776 1960 3832 est.

332 3855 672 3943 Siquidem
718 3863 864 3943 post
907 3855 1071 3923 haec
1116 3857 1284 3943 ipse,
1343 3856 1425 3922 de
1472 3877 1599 3943 quo
1646 3855 1954 3943 diximus,
2008 3880 2126 3924 rex
2171 3855 2302 3922 An-
