2723 4326
412 213 538 277 120
2314 210 2411 265 111.
2453 212 2551 267 11-

1423 605 1523 668 11.

406 777 486 833 vt
522 792 709 847 super
743 777 1049 846 reliquias
1091 778 1222 833 elus
1243 777 1372 833 ‚lux
1410 778 1703 834 caelestis
1740 778 1877 834 tota
1913 780 2095 835 nocte
2134 778 2421 849 steterit,
2468 779 2551 835 et.

879 867 953 922 ut
987 882 1102 937 per
1138 880 1242 924 eas
1281 867 1413 923 siut
1450 868 1791 923 demoniaci
1830 868 2061 924 curati.

586 1010 767 1075 Inter
810 1032 976 1097 quae
1020 1033 1427 1097 nequaquam
1473 1012 1721 1077 silentio
1768 1010 2306 1099 praetereundum
2367 1034 2547 1097 reor,

408 1099 562 1187 quid
605 1100 866 1164 uirtutis
910 1122 988 1164 ac
1034 1100 1324 1165 miraculi
1370 1102 1666 1166 caelestis·
1718 1102 1913 1167 fuerit
1966 1110 2325 1186 ostensum,
2388 1124 2545 1167 cum

411 1210 554 1253 ossa
598 1190 735 1252 eius
793 1190 1059 1253 inuenta
1115 1200 1306 1275 atque
1352 1190 1437 1255 ad
1484 1192 1850 1273 ecclesiam,
1910 1192 1977 1255 in
2022 1213 2149 1277 qua
2192 1212 2361 1255 nunc
2405 1213 2537 1256 ser-

407 1286 671 1362 uantur,
732 1278 1046 1343 translata
1104 1289 1270 1343 sunt.
1363 1280 1636 1344 Factum
1698 1289 1797 1345 est
1850 1289 2067 1345 autem
2108 1280 2231 1345 hoc
2275 1302 2394 1367 per
2436 1281 2533 1343 in-

409 1364 721 1431 dustriam
767 1368 1030 1452 reginae
1073 1367 1461 1432 Merciorum
1506 1365 1881 1455 Osthrydae
1896 1418 1914 1451 ,
1981 1391 2145 1455 quae
2206 1378 2345 1435 erat
2402 1366 2553 1433 fllia„

408 1454 626 1519 fratris
673 1456 837 1539 eius,
897 1454 962 1519 id
1009 1464 1106 1520 est
1154 1455 1390 1541 Osuiu,
1454 1458 1563 1544 qui
1608 1468 1753 1544 post
1798 1458 1981 1523 illum
2038 1461 2223 1543 regni
2282 1460 2541 1545 apicem

409 1543 690 1629 tenebat,
735 1554 808 1610 ut
851 1546 915 1609 in
965 1546 1377 1631 sequentibus
1424 1545 1731 1612 dicemus.

584 1632 708 1699 Est
738 1638 1196 1710 monasterium
1227 1635 1441 1700 nobile
1470 1637 1537 1699 in
1568 1636 1901 1722 prouincia
1931 1634 2232 1717 Lindissi,
2279 1638 2555 1701 nomine

409 1720 816 1807 BeardaneU,
887 1723 1058 1810 quod
1103 1723 1329 1789 eadem
1377 1727 1605 1809 regina
1648 1747 1795 1789 cum
1842 1727 1982 1789 uiro
2028 1747 2142 1789 suo
2188 1722 2554 1790 Aedilredo»

409 1811 682 1876 multum
727 1810 1058 1897 diligebat,
1107 1814 1558 1895 uenerabatur,
1606 1814 1961 1899 excolebat,
2008 1816 2074 1878 in
2117 1835 2243 1900 quo
2289 1812 2540 1879 deside—

407 1899 596 1965 rabat
641 1900 1013 1967 honoranda
1057 1905 1270 1988 patrui
1317 1905 1418 1967 sui
1463 1924 1608 1968 ossa
1670 1903 2050 1987 recondere3
2116 1924 2389 1989 cumque
2430 1924 2543 1967 ue-

409 1990 608 2053 nisset
652 2012 926 2073 carrum,
973 1993 1194 2077 inquo
1225 1991 1449 2057 eadem
1480 1989 1627 2056 ossa
1661 1991 2080 2076 ducebantur,
2126 1993 2558 2057 incumbente

411 2100 713 2165 uespera,
773 2081 841 2143 in
897 2082 1358 2145 monasterium
1414 2081 1803 2167 praefatum,
1862 2082 2207 2146 noluerunt
2264 2103 2375 2165 ea,¹
2428 2082 2545 2167 qui

409 2177 592 2233 erant
633 2170 706 2234 in·
747 2171 1155 2257 monasterie,
1203 2169 1480 2235 libenter
1525 2172 1849 2258 excipere3
1900 2172 2051 2256 quia
2080 2173 2202 2236 etsi
2248 2180 2548 2235 sanctum

387 2279 552 2322 >eum
602 2268 937 2342 nouerant,
984 2268 1220 2342 tamen,
1271 2259 1421 2346 quia
1452 2260 1533 2325 de
1564 2259 1691 2326 alia
1720 2261 2052 2347 prouincia
2081 2269 2257 2324 ortus
2303 2260 2547 2341 fuerat,

407 2355 473 2411 et
505 2369 699 2434 super
729 2369 838 2412 eos
881 2369 1156 2433 regnum
1203 2357 1563 2434 acceperat,
1607 2351 1933 2414 ueteranis
1964 2371 2111 2413 eum
2148 2347 2311 2413 odiis
2343 2349 2550 2413 etiam

407 2445 732 2500 mortuum
777 2436 1298 2522 insequebantur.
1361 2436 1553 2502 Vnde
1600 2437 1841 2503 factum
1887 2447 2003 2522 est,
2051 2446 2124 2501 ut
2163 2439 2305 2524 ipsa
2349 2447 2552 2502 nocte

405 2523 716 2610 reliquiae
793 2524 1046 2590 adlatae
1127 2527 1286 2590 foris
1366 2535 1821 2611 permanerent
1836 2578 1854 2611 ,
1932 2528 2209 2592 tentorio
2284 2535 2545 2591 tantum

407 2615 649 2678 maiore
695 2637 891 2700 supra
937 2637 1210 2698 carrum,
1260 2617 1328 2680 in
1374 2637 1501 2702 quo
1547 2616 1819 2694 inerant,
1866 2625 2153 2680 extense.
2241 2612 2373 2681 Sed
2418 2617 2541 2680 mi-

406 2703 610 2767 raculi
648 2705 942 2769 caelestis
972 2705 1274 2789 ostensiO,
1321 2726 1516 2790 quam
1545 2713 1917 2770 reuerenter
1947 2727 2063 2769 eae
2096 2704 2553 2792 suscipiendae

406 2812 449 2855 a
493 2794 740 2858 cunctis
785 2791 1078 2858 fidelibus
1127 2801 1356 2874 essent,
1404 2794 1732 2880 patefecit.
1824 2793 1999 2858 Nam
2044 2802 2182 2858 tota
2227 2816 2303 2858 ea
2346 2802 2553 2858 nocte

410 2878 703 2945 columna
767 2881 926 2946 lucis
971 2904 1011 2946 a
1057 2904 1241 2946 carro
1303 2882 1415 2946 illo
1482 2882 1565 2947 ad
1634 2883 1882 2947 caelum
1944 2905 2146 2968 usque
2215 2891 2541 2968 porrecta,

409 2968 702 3033 omnibus
747 2993 913 3058 pene
958 2971 1245 3036 eiusdem
1293 2969 1630 3036 Lindissae
1675 2973 2044 3058 prouinciae
2087 2971 2242 3037 locis
2289 2973 2543 3058 conspi-

407 3079 530 3122 cua
574 3059 805 3124 stabat.
899 3058 1080 3125 Vnde
1135 3082 1325 3124 mane
1387 3059 1559 3126 facto
1618 3060 1850 3125 fratres
1908 3062 2282 3125 monasterii
2342 3061 2551 3145 illius,

409 3149 518 3233 qui
549 3147 756 3234 pridie
803 3148 1179 3232 abnuerant,
1229 3148 1573 3234 diligenter
1610 3150 1733 3236 ipsi
1776 3158 1999 3235 petere
2048 3158 2417 3236 coeperunt,
2466 3159 2555 3214 ut:

407 3236 580 3323 apud
625 3259 693 3302 se
739 3236 1007 3302 eaedem
1053 3247 1315 3304 sanctae
1372 3261 1447 3303 ac
1507 3236 1626 3303 deo
1686 3236 1957 3305 dilectae
2016 3239 2327 3325 reliquiae
2388 3261 2541 3303 con·

407 3323 726 3391 derentur.
820 3325 990 3391 Lota
1034 3327 1234 3412 igitur
1277 3349 1425 3392 ossa
1482 3327 1835 3392 intulerunt
1878 3329 1945 3390 in
1989 3327 2274 3410 thecam,
2339 3347 2543 3412 quam

405 3415 474 3479 in
519 3414 641 3479 hoc
685 3424 1256 3502 praeparauerant,
1316 3424 1513 3502 atque
1558 3419 1624 3480 in
1674 3417 1946 3482 ecclesia
1988 3418 2173 3480 iuxta
2230 3415 2549 3481 honorem

407 3525 762 3588 congruum
807 3515 1183 3591 posuerunt3
1233 3515 1296 3568 et
1319 3514 1393 3568 ut
1437 3507 1623 3590 regia
1664 3506 1789 3568 uiri
1836 3507 2042 3570 saneti
2086 3527 2357 3591 persona
2404 3528 2549 3569 me·-

407 3594 680 3658 moriam
725 3593 998 3658 haberet
1053 3602 1413 3678 aeternam,
1472 3592 1777 3658 uexillum
1828 3597 1961 3658 eius
2008 3615 2200 3679 super
2242 3592 2548 3659 tumbam

407 3702 564 3744 auro
590 3689 654 3746 et
677 3703 965 3768 purpura
988 3683 1413 3768 compositum
1436 3683 1870 3768 adposuerunt
1919 3685 2254 3770 ipsamque
2276 3703 2539 3768 aquam,

406 3769 475 3832 in
520 3791 648 3855 qua
692 3770 989 3835 lauerunt
1034 3793 1204 3854 ossa,
1265 3771 1334 3834 in
1393 3771 1629 3855 angulo
1692 3775 1956 3837 sacrarii
2012 3771 2333 3836 fuderunt.
2428 3771 2543 3835 Ex

411 3879 535 3942 quo
582 3866 873 3944 tempore
917 3858 1160 3924 factum
1205 3868 1332 3942 est,
1394 3868 1465 3924 ut
1522 3861 1663 3946 ipsa
1720 3869 1919 3947 terra,
1982 3882 2147 3946 quae
2204 3860 2546 3934 lauacrum
