2723 4326
379 276 511 339 292
550 306 555 311 ·

562 449 750 516 Anno
782 447 1171 515 DCCXLV.
1206 447 1444 514 Vilfrid
1477 452 1812 537 episcopus
1846 460 1913 517 et
1950 450 2303 538 Ingualdus
2340 450 2520 527 Lun-

378 538 611 608 doniae
660 540 871 627 episco
918 562 993 604 us
1040 540 1485 624 migrauerunt
1529 540 1612 604 ad
1658 540 2006 606 dominum.

558 628 747 694 Anno
792 626 857 691 D
918 625 1257 693 CXLVII.
1306 626 1692 693 Herefridus
1737 631 1839 693 uir
1885 627 1987 694 dei
2034 629 2211 695 obiit.

555 718 747 783 Anno
794 714 1421 785 DOCL.Oud1-etus
1465 740 1582 783 rex
1621 715 2135 784 occidentalium
2183 716 2520 785 Saxonum

378 808 662 872 surrexit
708 816 931 871 contra
976 804 1429 871 Aedilbaldum
1475 829 1698 892 regem
1745 817 1809 871 et
1857 805 2255 891 Oengusum.
2343 807 2519 872 The·

377 916 613 961 necrus
684 908 877 982 atque
936 894 1275 960 Eanredus
1339 896 1654 961 obierunt.
1749 894 2152 962 Eadberctus
2216 918 2520 983 campum

378 982 528 1069 cyil
574 1007 718 1049 cum
766 984 906 1049 aliis
952 1005 1023 1047 re
1074 984 1322 1049 onibus
1370 1006 1484 1049 suo
1531 1006 1733 1069 regno
1779 983 2042 1051 addidit.

553 1072 746 1142 Αιιιιο
798 1070 1038 1139 DCOL
1069 1070 1343 1159 111]111.,
1391 1096 1559 1139 anno
1615 1076 1800 1159 regni
1861 1072 2215 1139 Eadbercti
2257 1076 2512 1161 quinto,

381 1171 453 1236 <
460 1164 763 1250 quinto>
788 1158 895 1249 Id[
896 1159 987 1249 ib]
965 1159 1066 1249 ]us
1098 1159 1384 1227 Ianuarii
1413 1162 1666 1249 eclipsis
1700 1162 1851 1227 solis
1882 1163 2056 1228 facta
2090 1174 2206 1229 est.
2265 1164 2507 1228 Postea

374 1252 602 1317 eodem
647 1272 814 1315 anno
861 1260 926 1315 et
974 1271 1213 1335 mense,
1260 1250 1382 1316 hoc
1429 1262 1528 1316 est
1572 1272 1739 1316 nono
1775 1251 2211 1318 Kalendarum
2258 1252 2512 1317 Febru-

374 1344 687 1423 ariarum,
741 1339 893 1404 luna
938 1339 1225 1425 eclipsim
1288 1339 1580 1425 pertulit,
1647 1339 1964 1406 horrendo
2022 1354 2084 1405 et
2151 1343 2514 1425 nigerrimo

372 1440 581 1512 scuto,
629 1430 721 1492 ita
766 1438 836 1492 ut
882 1428 977 1493 sol
1020 1427 1210 1513 paulo
1258 1438 1430 1512 ante,
1480 1440 1803 1515 cooperta.

551 1517 744 1583 Anno
791 1514 1148 1581 DCCLIV.
1197 1516 1579 1603 Bonifatius,
1627 1520 1736 1604 qui
1783 1528 1851 1583 et
1896 1516 2249 1599 Vinfridus,
2306 1516 2514 1583 Fran—

375 1628 601 1672 corum
648 1607 1001 1692 episcopus,
1052 1628 1199 1670 cum
1248 1608 1718 1693 quinquaginta
1752 1607 1960 1673 tribus
1990 1609 2303 1694 martyrio
2334 1629 2517 1671 coro-

372 1708 563 1761 natus
610 1704 735 1779 est3
786 1705 850 1760 et
890 1716 1009 1782 pro
1044 1716 1117 1759 eo
1148 1694 1486 1779 Redgerus
1536 1707 1947 1762 consecratur
1993 1695 2518 1783 archiepiscopus

372 1809 415 1849 a
462 1783 792 1871 Stephano
837 1806 1009 1871 paa

552 1808 742 1939 ἒιιιιο
788 1871 911 1938 Dc
969 1871 1184 1938 LVII.
1230 1870 1654 1938 Aedilbaldus
1699 1896 1819 1938 rex
1856 1872 2246 1939 Mer-ciorum
2294 1896 2333 1936 a
2378 1875 2516 1937 suis

372 1962 689 2027 tutoribus
721 1972 914 2027 noctu
944 1972 1153 2027 morte
1184 1960 1592 2027 fraudulenta
1635 1963 2094 2029 miserabiliter
2139 1972 2516 2047 peremptus

372 2050 700 2116 occubuit:
749 2050 1159 2117 Beornredus
1205 2072 1484 2136 regnare
1532 2054 1770 2139 coepit.
1819 2049 2199 2135 Cyniuulfus
2241 2073 2358 2115 rex
2383 2048 2517 2115 Oc-

372 2138 786 2206 cidentalium
856 2137 1185 2206 Saxonum
1252 2140 1429 2206 obiit.
1533 2139 1780 2207 Eodem
1845 2142 2042 2206 etiam
2107 2162 2273 2205 anno
2337 2136 2512 2224 Offa,

370 2231 597 2316 fugato
622 2229 1020 2308 Beornred0‚
1066 2227 1456 2295 Merciorum
1486 2251 1762 2315 regnum
1797 2228 2284 2315 sanguinolento
2318 2251 2514 2315 quae—

370 2321 521 2384 siuit
610 2316 799 2384 ladio,

553 2341 745 2473 {nno
778 2404 1208 2472 DCCLVIII.
1232 2406 1635 2473 Eadberctus
1665 2427 1784 2472 rex
1819 2405 2511 2493 Nordanhymbrorum

374 2495 479 2561 dei
537 2499 773 2561 amoris
832 2518 1023 2560 causa
1072 2506 1136 2560 et
1184 2497 1480 2562 caelestis
1538 2498 1790 2582 patriae
1848 2496 2182 2580 uiolentia,
2243 2507 2516 2581 accepta

370 2587 578 2650 sancti
624 2584 803 2650 Petri
848 2595 1134 2667 tonsura,
1182 2583 1311 2650 filio
1359 2608 1474 2650 suo
1521 2583 1788 2650 Osuulfo
1835 2607 2104 2670 regnum
2152 2585 2431 2672 reliquit.

550 2673 739 2739 Anno
770 2671 1134 2739 DGOLIX.
1180 2672 1576 2740 Osuulfusa
1619 2675 1751 2738 suis
1797 2675 2104 2739 ministris
2151 2674 2511 2738 facinorose

374 2763 621 2829 occisus
654 2772 779 2846 est3
828 2773 893 2827 et
922 2761 1297 2829 Edilualdus
1344 2785 1510 2828 anno
1542 2761 1771 2829 eodem
1803 2785 1844 2828 a
1875 2786 1991 2829 sua
2033 2764 2223 2850 plebe
2267 2763 2514 2828 electus

375 2853 691 2916 intrauit
674 2874 739 2915 ιιι
772 2873 1074 2938 regnum:
1125 2853 1305 2917 cuius
1352 2852 1633 2918 secundo
1678 2874 1848 2918 anno
1895 2874 2135 2938 magna
2181 2850 2512 2917 tribulatio

376 2939 785 3006 mortalitatis
832 2943 1010 3006 uenit
1056 2950 1121 3006 et
1168 2940 1415 3007 duobus
1460 2941 1668 3007 ferme
1721 2942 1905 3007 annis
1961 2943 2342 3028 permansit,
2399 2962 2512 3026 po-

372 3029 745 3117 pulantibus
777 3029 951 3095 duris
983 3053 1059 3096 ac
1091 3029 1361 3095 diuersis
1393 3029 1925 3117 aegritudinibus,
1972 3031 2254 3094 maxime
2292 3039 2514 3093 tamen

368 3119 777 3208 dysenteriae
822 3120 1150 3204 languore.

545 3206 737 3272 Anno
800 3205 1486 3296 DOOLX1.0engus
1555 3206 1886 3273 Pictorum
1947 3230 2065 3272 rex
2129 3207 2316 3290 obiit,
2395 3210 2510 3291 qui

368 3298 564 3382 regni
623 3299 721 3361 sui
779 3298 1163 3384 principium
1241 3318 1442 3383 usque
1501 3296 1582 3362 ad
1641 3295 1833 3361 finem
1896 3296 2179 3361 facinore
2237 3299 2508 3360 cruento

366 3394 685 3470 tyrannus
732 3383 1033 3472 perduxit
1080 3386 1396 3451 carnifex:
1445 3395 1513 3450 et
1561 3381 1790 3451 Osuini
1837 3387 2081 3451 occisus
2127 3395 2244 3450 est

543 3475 733 3539 Anno
780 3472 1626 3540 DCOLXV.A1u0hredus
1694 3495 1811 3538 rex
1880 3484 2213 3574 susceptus
2273 3481 2371 3538 est
2435 3474 2506 3536 in

368 3585 733 3717 regmffiho
760 3648 1187 3716 DOOLXVI.
1213 3650 1618 3734 Ecgberctus
1649 3649 2170 3738 archiepiscopus
2202 3653 2511 3737 prosapia

374 3739 583 3822 regali
630 3739 867 3804 ditatus
912 3762 989 3805 ac
1033 3740 1252 3806 diuina
1296 3741 1565 3806 scientia
1610 3739 1894 3805 imbutus
1942 3749 2007 3805 et
2051 3739 2512 3804 Frithubertus

369 3845 528 3889 uere
573 3826 795 3893 fideles
842 3830 1126 3915 episcopi
1170 3828 1255 3894 ad
1299 3828 1630 3895 dominum
1675 3824 2166 3916 migrauerunt.]
