2723 4326
469 220 595 284 110
2414 220 2523 275 111.
2576 221 2683 273 5.

1504 664 1564 727 5.

1101 847 1192 903 De
1227 846 1365 903 uita
1401 847 1623 903 Aldanl
1663 847 1963 917 episcopi·

643 1015 749 1084 Ab
779 1017 902 1082 hac
933 1039 1090 1103 ergo
1123 1017 1349 1100 insula,
1398 1017 1481 1083 ab
1527 1018 1757 1084 horum
1804 1018 2075 1104 collegio
2122 1018 2651 1107 monachorum,

467 1106 548 1171 ad
594 1108 994 1194 prouinciam
1039 1105 1404 1192 Anglorum
1450 1106 1908 1172 instituendam
1953 1110 2020 1173 in
2046 1105 2325 1190 Christo,
2373 1110 2652 1176 missus

470 1206 571 1261 est
614 1194 864 1281 Aedan,
911 1205 1176 1283 accepto
1223 1196 1432 1282 gradu
1478 1198 1901 1283 episcopatus.
1990 1195 2135 1276 Quo
2184 1208 2480 1284 tempore
2536 1202 2655 1263 ei-

468 1283 614 1350 dem
660 1286 1049 1350 monasterio
1083 1283 1326 1370 Segeni
1364 1285 1564 1351 abbas
1596 1296 1665 1351 et
1693 1286 2015 1371 presbiter
2058 1286 2353 1373 praefuit.
2420 1284 2651 1355 Vnde

468 1375 638 1439 inter
693 1374 822 1438 alia
877 1372 1139 1439 uiuendi
1195 1374 1577 1440 documenta
1633 1374 2125 1441 saluberrimum
2181 1375 2652 1444 abstinentiae

468 1462 576 1527 uel
621 1464 1046 1529 continentiae
1093 1463 1340 1530 clericis
1389 1464 1754 1552 exemplum
1799 1464 2085 1551 reliquit3
2150 1466 2327 1529 cuius
2374 1464 2649 1532 doctri-

467 1574 620 1617 nam
665 1549 733 1616 id
777 1554 1059 1618 maxime
1105 1554 1599 1619 commendabat
1646 1553 1963 1639 omnibus,
2011 1554 2182 1640 quod
2226 1575 2355 1618 non
2400 1554 2641 1642 aliter,

471 1663 664 1727 quam
723 1640 990 1707 uiuebat
1045 1664 1192 1707 cum
1238 1644 1399 1726 suis,
1458 1644 1598 1729 ipse
1659 1642 1955 1711 docebat.
2045 1642 2161 1708 Nil
2205 1645 2378 1709 enim
2422 1643 2643 1709 huius

468 1730 693 1796 mundi
739 1752 1080 1817 quaerere,
1140 1730 1232 1796 nil
1275 1753 1496 1799 amare
1554 1734 1840 1798 curabat.
1936 1730 2211 1817 Cuncta,
2275 1754 2443 1819 quae
2490 1735 2643 1799 sibi

470 1842 509 1883 a
538 1818 801 1905 regibus
847 1820 952 1885 uel
997 1820 1305 1885 diuitibus
1351 1821 1591 1886 saeculi
1638 1820 2062 1908 donabantur,
2112 1844 2265 1886 mox
2307 1827 2643 1908 pauperi-

472 1907 612 1992 bus,
662 1911 772 1994 qui
818 1917 1258 1992 occurrerent,
1315 1932 1584 1993 erogare
1632 1909 1974 1996 gaudebat.
2066 1910 2449 1975 Discurrere
2496 1936 2641 1999 per

475 2007 706 2062 cuncta
761 2008 826 2063 et
879 1998 1127 2063 urbana
1181 2010 1246 2074 et
1303 2002 1545 2064 rustica
1603 1999 1773 2085 loca,
1835 2022 1966 2065 non
2022 2021 2335 2085 equorum
2393 1998 2635 2087 dorSO,

473 2085 590 2151 sed
635 2084 873 2174 pedum
918 2088 1172 2152 incessu
1217 2097 1471 2174 uectus,
1526 2089 1649 2153 nisi
1696 2091 1753 2154 si
1798 2091 2000 2154 maior
2046 2090 2215 2155 forte
2258 2091 2635 2155 necessitas

473 2177 914 2264 compulisset,
964 2178 1238 2261 solebat3
1298 2181 1596 2264 quatinus
1642 2178 2030 2266 ubicumque
2075 2179 2323 2265 aliquos
2366 2180 2475 2245 uel
2528 2181 2636 2245 di-

474 2269 639 2331 uites
685 2266 792 2331 uel
837 2288 1155 2353 pauperes
1200 2267 1506 2333 incedens
1554 2270 1949 2354 aspexisset,
1980 2269 2319 2333 confestim
2366 2266 2445 2332 ad
2496 2267 2633 2335 hos

472 2353 832 2439 diuertens,
890 2357 998 2422 uel
1043 2353 1128 2422 ad
1172 2355 1323 2420 fidei
1368 2357 1815 2444 suscipiendae
1862 2369 2361 2441 sacramentum,
2420 2359 2475 2422 si
2528 2361 2636 2424 in-

469 2442 692 2509 fideles
754 2454 997 2527 essent,
1058 2446 1393 2530 inuitaret3
1456 2447 1559 2510 uel
1604 2448 1660 2510 si
1704 2446 1953 2531 fideleS,
2016 2449 2086 2512 in
2129 2449 2272 2532 ipsa
2318 2469 2425 2511 eos
2486 2447 2635 2514 fide

473 2533 867 2598 confortaret
941 2543 1137 2620 atque
1212 2535 1295 2599 ad
1359 2535 1749 2622 elimosynas
1828 2557 2224 2622 operumque
2298 2534 2635 2602 bonorum

473 2624 956 2688 exsecutionem
1002 2634 1068 2687 et
1112 2623 1330 2689 uerbis
1380 2627 1699 2690 excitaret
1742 2634 1809 2690 et
1854 2626 2062 2692 factis.

648 2709 728 2776 In
781 2721 1035 2777 tantum
1089 2721 1304 2777 autem
1375 2715 1515 2778 uita
1580 2713 1751 2778 illius
1796 2737 1836 2778 a
1880 2715 2083 2779 nostri
2136 2714 2449 2799 temporis
2528 2739 2632 2780 se-

471 2801 678 2885 gnitia
721 2798 1029 2886 distabat,
1086 2812 1158 2865 ut
1205 2824 1453 2888 omnes,
1527 2805 1638 2888 qui
1684 2825 1834 2871 cum
1879 2825 1954 2867 eo
2000 2801 2411 2886 incedebant,
2480 2805 2629 2870 81110

471 2889 726 2954 adtonsi
771 2911 888 2955 seu
931 2889 1106 2975 laici,
1164 2891 1463 2956 meditari
1511 2892 1853 2975 deberent,
1908 2891 1977 2956 id
2022 2901 2118 2958 est
2163 2900 2275 2956 aut
2319 2891 2627 2975 legendis

476 2978 810 3063 scripturis
857 2987 969 3043 aut
1013 2979 1278 3065 psalmis
1323 2981 1645 3046 discendis
1695 3003 1955 3068 operam
2002 2981 2176 3047 dare.
2270 2979 2418 3045 Hoc
2478 2993 2628 3047 erat

475 3066 867 3132 cotidianum
915 3090 1074 3154 opus
1120 3067 1288 3133 illius
1333 3080 1397 3134 et
1442 3072 1746 3155 omnium,
1798 3071 2085 3156 quicum
2119 3092 2196 3135 eo
2229 3081 2431 3154 erant,
2484 3072 2627 3136 ubi-

475 3178 754 3242 cumque
799 3156 1085 3222 locorum
1134 3157 1559 3225 deuenissent.
1623 3159 1710 3223 Et
1742 3159 1797 3223 si
1842 3159 2010 3224 forte
2057 3159 2395 3244 euenisset,
2446 3162 2626 3246 quod

473 3255 692 3310 tamen
737 3267 885 3310 raro
935 3249 1171 3332 euenit,
1229 3256 1301 3310 ut
1345 3248 1429 3314 ad
1476 3249 1651 3332 regis
1699 3249 2066 3313 conuiuium
2113 3257 2478 3333 uocaretur,
2528 3252 2625 3313 in-

474 3335 690 3400 trabat
751 3357 896 3399 cum
956 3358 1084 3400 uno
1148 3336 1381 3401 clerico
1441 3347 1553 3402 aut
1617 3337 1893 3422 duobus3
1956 3347 2047 3422 et,
2111 3336 2223 3401 ubi
2281 3335 2622 3423 paululum

473 3422 912 3502 reficiebatur,
983 3423 1376 3490 adcelerauit
1444 3429 1619 3491 ocius
1684 3424 1766 3489 ad
1833 3424 2179 3511 legendum
2250 3448 2393 3490 cum
2462 3430 2617 3512 suis,

477 3515 612 3578 siue
657 3512 743 3578 ad
790 3513 1102 3578 orandum
1149 3516 1391 3601 egredi.
1473 3515 1671 3582 Cuius
1719 3517 2030 3601 exemplis
2077 3514 2408 3580 informati
2452 3525 2617 3580 tem-

474 3625 633 3688 pore
679 3601 787 3666 illo
833 3603 1122 3688 religiosi
1174 3605 1416 3691 quique
1461 3606 1586 3668 uiri
1633 3626 1711 3669 ac
1754 3604 2032 3669 feminae
2090 3603 2621 3669 consuetudinem

476 3690 769 3755 fecerunt
813 3714 930 3778 per
977 3700 1186 3757 totum
1232 3715 1500 3778 annum,
1564 3703 1835 3780 excepta
1878 3695 2254 3759 remissione
2302 3695 2615 3780 quinqua-

477 3780 763 3864 gesimae
807 3780 1146 3867 paschalis,
1194 3781 1363 3847 11112
1394 3793 1459 3848 et
1491 3781 1612 3847 VI⁸
1642 3782 1897 3848 sabbati
1926 3784 2235 3848 ieiunium
2265 3782 2349 3847 ad
2378 3804 2616 3848 nonam

478 3890 682 3954 usque
728 3866 953 3933 horam
997 3870 1340 3956 protelare.
1405 3873 1780 3960 Numquam
1828 3872 2133 3938 diuitibus
2179 3869 2439 3936 honoris
2480 3874 2616 3936 siue
