2723 4326
412 191 541 257 284
2345 191 2409 244 V.
2453 192 2543 247 23.

409 365 653 430 Vectae
698 365 940 429 insulae
987 364 1068 429 ad
1113 364 1502 429 Danihelem
1548 365 1828 450 pertinet
1874 370 2243 451 episcopum
2284 366 2544 433 Ventae

411 455 707 519 ciuitatis.
818 454 1162 518 Prouincia
1227 452 1628 519 Australium
1697 452 2028 519 Saxonum
2097 457 2226 520 iam
2295 455 2544 543 aliquot

408 546 589 608 annis
635 543 878 628 absque
925 544 1224 628 episcopo
1271 565 1539 608 manens
1571 542 1994 607 ministerium
2024 544 2144 608 sibi
2176 546 2544 632 episcopale

408 634 490 697 ab
560 629 1071 697 Occidentalium
1138 630 1469 697 Saxonum
1535 633 1825 696 antistite
1895 634 2163 717 quaerit.
2267 633 2357 697 Et
2418 635 2543 699 hae

410 744 629 786 omnes
682 721 1052 806 prouinciae
1109 730 1489 806 ceteraeque
1543 721 1855 785 australes
1910 722 1992 786 ad
2048 721 2393 787 confinium
2441 746 2544 787 us-

408 832 531 896 que
585 809 924 896 Hymbrae
988 809 1265 874 fluminis
1318 832 1466 874 cum
1523 812 1653 874 suis
1710 831 2000 895 quaeque
2053 812 2314 895 regibus
2375 812 2542 878 Mer-

408 901 651 963 ciorum
695 900 839 983 regi
884 897 1263 963 Aedilbaldo
1312 899 1642 963 subiectae
1687 909 1852 963 sunt.

584 987 677 1051 At
713 1010 871 1052 uero
918 989 1289 1073 prouinciae
1316 986 2024 1074 Nordanhymbrorum,
2075 990 2178 1053 cui
2207 1011 2326 1052 rex
2355 987 2543 1054 Oeol-

406 1076 551 1141 uulf
574 1085 849 1163 praeest,
896 1075 1039 1141 1111
1073 1099 1245 1142 nunc
1290 1077 1574 1163 episcopi
1620 1076 2055 1162 praesulatum
2101 1086 2348 1141 tenent:
2398 1078 2538 1143 Vil-

405 1165 533 1230 frid
580 1168 645 1229 in
692 1165 1089 1230 Eburacensi
1137 1166 1434 1247 ecclesia,
1504 1164 1807 1230 Ediluald
1853 1167 1921 1230 in
1965 1164 2540 1251 Lindisfaronensi,

410 1254 585 1319 Acca
613 1257 679 1318 in
710 1252 1236 1339 Hagustaldensi,
1271 1252 1600 1318 Pecthelm
1632 1256 1698 1318 in
1730 1276 1828 1338 ea,
1862 1277 2026 1340 quae
2058 1253 2348 1320 Candida
2369 1254 2540 1321 Casa

404 1353 702 1423 uocatur,
763 1364 928 1428 quae
973 1365 1206 1428 nuper,
1266 1342 1702 1428 multiplicatis
1746 1341 2034 1407 fidelium
2079 1344 2406 1429 plebibus,
2471 1346 2536 1408 in

406 1431 625 1496 sedem
655 1429 1063 1519 pontificatus
1095 1429 1311 1495 addita
1347 1433 1560 1518 ipsum
1592 1433 1872 1519 primum
1913 1432 2110 1497 habet
2157 1435 2536 1500 antistitem.

405 1519 729 1585 Pictorum
776 1542 1031 1606 quoque
1077 1521 1249 1585 natio
1296 1529 1587 1607 tempore
1634 1520 1756 1586 hoc
1789 1530 1854 1586 et
1891 1520 2117 1586 foedus
2162 1524 2341 1609 pacis
2389 1545 2536 1586 cum

405 1619 599 1693 gente
646 1609 841 1674 habet
886 1608 1244 1694 Anglorum
1256 1659 1275 1693 ,
1344 1618 1408 1673 et
1476 1609 1830 1675 catholicae
1894 1612 2075 1696 pacis
2119 1633 2197 1675 ac
2241 1611 2535 1675 ueritatis

404 1721 551 1764 cum
580 1700 924 1763 uniuersali
963 1699 1235 1764 ecclesia
1278 1700 1604 1785 particeps
1651 1700 1926 1763 existere
1974 1697 2232 1783 gaudet.
2299 1697 2530 1785 Scotti,

402 1790 511 1873 qui
557 1786 941 1852 Brittaniam
996 1789 1311 1868 incolunt,
1369 1789 1500 1852 suis
1555 1790 1838 1853 contenti
1892 1785 2124 1853 finibus
2169 1788 2258 1851 nil
2306 1798 2536 1854 contra

399 1886 661 1960 gentem
724 1875 1086 1960 Anglorum
1152 1876 1530 1941 insidiarum
1593 1877 1941 1941 moliuntur
2005 1884 2118 1941 aut
2184 1876 2530 1941 fraudium.

402 1963 776 2045 Brettones,
846 1968 1139 2052 quamuis
1186 1975 1249 2030 et
1295 1967 1582 2030 maxima
1627 1987 1708 2029 ex
1752 1975 1939 2052 parte
1998 1966 2352 2031 domestico
2415 1967 2534 2030 sibi

402 2052 544 2118 odio
592 2062 854 2138 gentem
883 2055 1247 2139 Anglorum
1295 2064 1360 2119 et
1407 2056 1602 2118 totius
1650 2054 2006 2119 catholicae
2053 2055 2360 2119 ecclesiae
2407 2063 2531 2120 sta-

401 2152 538 2208 tum
574 2142 816 2229 pascha
847 2146 1054 2209 minus
1085 2153 1263 2209 recte
1307 2143 1721 2229 moribusque
1766 2143 2076 2230 improbis
2121 2146 2524 2231 impugnent3

398 2241 617 2296 tamen
648 2242 712 2297 et
743 2231 961 2297 diuina
1004 2233 1126 2298 sibi
1158 2243 1221 2298 et
1252 2232 1533 2298 humana
1578 2255 1836 2319 prorsus
1883 2234 2221 2299 resistente
2265 2235 2531 2317 uirtute,

399 2322 467 2386 in
509 2330 736 2386 neutro
784 2324 1070 2407 cupitum
1117 2333 1386 2408 possunt
1432 2323 1723 2386 obtinere
1791 2324 2215 2409 propositum:
2291 2325 2531 2409 quippe

402 2411 511 2495 qui
557 2412 850 2495 quamuis
898 2431 977 2473 ex
1020 2422 1205 2497 parte
1253 2412 1351 2474 sui
1399 2413 1525 2475 sint
1571 2412 1726 2475 iuris
1737 2460 1754 2491 ,
1825 2411 2126 2476 nonnulla
2185 2421 2407 2476 tamen
2455 2433 2535 2476 ex

400 2507 587 2584 parte
632 2498 993 2584 Anglorum
1041 2510 1187 2563 sunt
1234 2501 1498 2565 seruitio
1544 2501 1912 2585 mancipati.
2008 2498 2154 2578 Qua
2199 2497 2536 2566 adridente

401 2609 559 2674 paco
612 2609 689 2652 ac
750 2590 1095 2652 serenitate
1158 2599 1554 2675 temporum,
1619 2588 1832 2674 plures
1879 2590 1947 2652 in
2002 2598 2196 2674 gente
2242 2586 2534 2653 Nordan·

401 2675 821 2760 hymbrorum
865 2687 999 2741 tam
1044 2676 1291 2742 nobiles
1340 2699 1534 2762 quam
1580 2679 1820 2764 priuati
1865 2699 1932 2742 se
1979 2699 2257 2763 suosque
2300 2677 2535 2743 liberos

403 2763 709 2849 depositis
759 2767 952 2829 armis
1000 2775 1305 2850 satagunt
1350 2767 1589 2850 magis,
1647 2774 1913 2851 accepta
1967 2775 2257 2848 tonsura,
2315 2788 2531 2831 mona·

405 2852 769 2916 sterialibus
816 2854 1183 2920 adscribere
1225 2856 1392 2919 uotis
1440 2877 1634 2940 quam
1671 2854 1917 2919 bellicis
1949 2877 2253 2920 exercere
2287 2855 2530 2920 studiis.

405 2937 589 3017 Quae
620 2963 723 3006 res
757 2964 948 3027 quem
980 2945 1063 3007 sit
1094 2942 1393 3008 habitura
1424 2942 1636 3026 finem,
1687 2945 2002 3029 posterior
2041 2952 2221 3008 aetas
2266 2941 2530 3011 uidebit.

405 3029 536 3094 Hic
569 3039 667 3095 est
711 3033 1287 3117 inpraesentiarum
1332 3034 1677 3097 uniuersae
1709 3041 1914 3096 status
1945 3032 2320 3114 Brittaniae,
2370 3055 2531 3097 anno

404 3117 719 3184 aduentus
752 3119 1113 3206 Anglorum
1143 3123 1208 3186 in
1238 3120 1628 3185 Brittaniam
1662 3121 1917 3185 circiter
1948 3119 2526 3204 DCCOEXXXW,

404 3206 759 3273 dominicae
791 3218 1007 3274 autem
1039 3211 1491 3276 incarnationis
1525 3231 1690 3274 anno
1721 3207 2224 3275 DCO⁰XXX102
2257 3211 2323 3273 in
2358 3212 2528 3275 cuius

404 3318 602 3382 regno
671 3307 982 3384 perpetuo
1039 3299 1316 3364 exsultet
1371 3308 1572 3382 terra,
1641 3307 1706 3364 et
1763 3299 2251 3384 congratulante
2297 3301 2364 3362 in
2408 3297 2528 3363 fide

406 3387 538 3450 eius
585 3385 938 3468 Brittania,
1008 3388 1323 3453 laetentur
1391 3388 1638 3452 insulae
1705 3387 1944 3452 multae
2001 3397 2066 3460 et
2111 3386 2531 3454 confiteantur

404 3476 749 3539 memoriae
795 3477 1154 3541 sanctitatis
1202 3478 1355 3542 eius.
