2723 4326
400 160 527 226 174
2307 163 2430 219 1111.
2468 163 2535 218 5.

397 335 734 401 concilium
773 337 1239 423 episcoporum,
1286 358 1416 400 una
1446 357 1593 401 cum
1623 339 1735 421 eis,
1784 338 1895 422 qui
1926 339 2233 404 canonica
2260 349 2527 425 patrum

395 434 636 490 statuta
665 434 731 489 et
760 425 1103 511 diligerent
1125 436 1190 490 et
1218 435 1503 508 nossent,
1534 428 1864 512 magistris
1884 426 2193 493 ecclesiae
2210 428 2524 515 pluribus.

395 513 642 593 Quibus
700 516 942 601 pariter
1002 517 1441 600 congregatis,
1508 512 1851 599 diligenter
1898 537 2000 600 ea,
2069 539 2235 604 quae
2288 521 2529 584 unitati

392 605 572 690 pacis
596 603 1067 669 ecclesiasticae
1089 611 1536 690 congruerent,
1567 625 1665 688 ec,
1700 626 1825 691 quo
1842 604 2214 691 pontificem
2233 604 2533 694 decebat,

391 694 605 757 animo
637 693 849 779 coepit
879 693 1279 760 obseruanda
1308 693 1558 758 docere.
1644 692 1843 758 Cuius
1872 694 2219 779 synodicae
2246 699 2527 763 actionis

390 781 751 847 huiusmodi
793 790 1013 847 textus
1057 793 1181 847 est:

573 869 670 934 ‘In
714 872 971 936 nomine
1016 870 1257 936 domini
1302 869 1406 935 dei
1453 880 1516 936 et
1552 871 1887 936 saluatoris
1919 874 2122 938 nostri
2152 873 2302 939 Iesu
2332 871 2519 940 Chri-

391 961 494 1043 sti,
540 969 853 1045 regnante
897 961 964 1024 in
1010 970 1394 1047 perpetuum
1426 983 1503 1025 ac
1532 961 1932 1045 gubernante
1964 984 2148 1026 suam
2177 964 2523 1030 ecclesiam

391 1047 616 1114 eodem
662 1047 916 1113 domiuo
963 1058 1182 1114 nostro
1227 1049 1379 1115 Iesu
1410 1048 1688 1134 Christo,
1734 1050 1971 1136 placuit
2014 1053 2355 1118 conuenire
2398 1070 2525 1118 nos

388 1139 572 1203 iuxta
642 1159 890 1202 morem
982 1160 1297 1204 canonum
1386 1138 1849 1205 uenerabilium
1863 1189 1883 1223 ,
1974 1149 2361 1206 tractaturos
2432 1143 2523 1208 de

387 1228 768 1292 necessariis
845 1226 1152 1292 ecclesiae
1228 1229 1529 1311 negotiis.
1623 1226 2050 1294 Conuenimus
2122 1239 2345 1296 autem
2412 1228 2523 1297 die

387 1314 721 1381 ΧΧἿΙΙΙο
764 1317 1000 1380 mensis
1048 1313 1449 1402 Septembris
1516 1315 1865 1382 indictione
1920 1320 2160 1405 prima,
2220 1321 2290 1384 in
2349 1319 2517 1404 loco,

387 1406 499 1491 qui
544 1402 778 1468 dicitur
822 1402 1203 1470 Herutford.
1272 1407 1420 1490 Ego
1468 1404 1725 1492 quidem
1775 1405 2173 1490 Theodorus,
2219 1411 2519 1494 quamuis

385 1491 716 1578 indignus,
789 1492 871 1557 ab
941 1493 1297 1580 apostolica
1359 1493 1512 1560 sede
1578 1494 1931 1561 destinatus
1998 1497 2518 1563 Doruuernensis

387 1581 694 1648 ecclesiae
754 1583 1117 1669 episcopus,
1179 1592 1245 1648 et
1304 1582 1726 1649 consacerdos
1780 1607 1861 1649 ac
1906 1586 2108 1651 frater
2152 1595 2371 1652 noster
2416 1609 2518 1652 re-

384 1671 868 1736 uerentissimus
914 1670 1053 1736 Bisi
1087 1670 1514 1738 Orientalium
1546 1671 1910 1759 Anglorum
1956 1676 2325 1762 episcopus:
2375 1678 2517 1762 qui-

384 1760 504 1825 bus
551 1761 750 1825 etiam
807 1760 1008 1825 frater
1071 1771 1135 1825 et
1198 1762 1619 1828 consacerdos
1677 1771 1896 1828 noster
1943 1762 2171 1828 Vilfrid
2219 1763 2520 1830 Nordan-

384 1848 806 1936 hymbrorum
861 1851 1071 1935 gentis
1128 1852 1467 1938 episcopus
1510 1873 1627 1936 per
1670 1853 1966 1939 proprios
2010 1851 2355 1937 legatarios
2402 1852 2517 1918 ad-

383 1938 522 2003 fuit.
585 1936 950 2003 Adfuerunt
998 1947 1062 2003 et
1108 1940 1341 2006 fratres
1386 1963 1467 2007 ac
1512 1939 2002 2006 consacerdotes
2048 1944 2269 2023 nostri,
2317 1942 2525 2010 Putta

383 2029 717 2114 episcopus
762 2028 1008 2093 castelli
1053 2026 1576 2110 Cantuariorum,
1634 2030 1804 2115 quod
1842 2027 2085 2095 dicitur
2126 2029 2521 2097 Hrofescae-

383 2117 517 2202 stir‚
565 2114 952 2183 Leutherius
1000 2120 1334 2206 episcopus
1385 2116 1901 2186 occidentalium
1946 2116 2299 2205 Saxonum,
2333 2118 2520 2205 Vyn-

382 2206 508 2271 frid
553 2209 890 2293 episcopus
935 2209 1309 2293 prouinciae
1353 2208 1763 2275 Merciorum.
1858 2207 2154 2296 Cumque
2200 2211 2267 2273 in
2312 2231 2521 2275 unum

382 2298 832 2361 conuenientes
890 2297 1073 2361 iuxta
1135 2296 1425 2363 ordinem
1487 2298 1724 2384 quique
1784 2319 1968 2362 suum
2020 2296 2515 2364 resedissemus:

383 2381 671 2471 „R0g0‚“
719 2386 983 2470 inquam
1034 2383 1474 2471 „dilectissimi
1516 2388 1769 2471 frat-res,
1816 2397 2078 2474 propter
2101 2388 2400 2451 timorem
2442 2396 2521 2452 et

376 2495 664 2538 amorem
726 2474 1108 2538 redemtoris
1172 2478 1406 2559 nostri,
1472 2485 1544 2540 ut
1587 2477 1655 2539 in
1709 2497 2047 2540 commune
2108 2497 2329 2541 omnes
2393 2498 2525 2561 pro

375 2572 596 2627 nostra
657 2562 785 2628 fide
847 2571 1225 2647 tractemus3
1293 2574 1395 2649 ut,
1459 2586 1751 2651 quaeque
1810 2563 2072 2630 decreta
2125 2588 2201 2629 ac
2248 2564 2518 2651 defi-‚nita

378 2660 524 2715 sunt
567 2674 608 2717 a
663 2653 900 2717 sanctis
967 2658 1031 2716 et
1099 2653 1541 2739 probabilibus
1608 2654 1930 2739 patribus,
1994 2656 2365 2740 incorrupte
2426 2654 2520 2719 ab

378 2740 672 2805 omnibus
718 2740 904 2805 nobis
950 2740 1350 2808 seruentur“.
1416 2742 1602 2808 Haec
1634 2751 1699 2807 et
1730 2742 1857 2807 alia
1895 2743 2295 2829 quamplura,
2344 2764 2519 2829 quae

376 2825 459 2891 ad
512 2831 852 2894 caritatem
909 2831 1322 2915 pertinebant
1381 2833 1827 2917 unitatemque
1890 2832 2196 2896 ecclesiae
2258 2853 2515 2896 conser-

374 2915 683 3001 uandam,
744 2928 1121 3005 prosecutus
1181 2943 1343 2985 sum.
1439 2918 1733 3008 Cumque
1780 2920 2139 3008 explessem
2185 2920 2517 3006 praelocu-

374 3007 636 3090 tionem,
683 3008 1080 3093 interrogaui
1124 3030 1645 3097 unumquemque
1692 3032 1913 3075 eorum
1950 3032 2067 3096 per
2098 3008 2411 3093 ordinem,
2458 3010 2519 3073 si

377 3096 810 3183 consentirent
834 3120 929 3181 ea,
978 3120 1144 3185 quae
1186 3120 1229 3161 a
1273 3099 1569 3185 patribus
1616 3100 1920 3165 canonice
1966 3107 2115 3164 sunt
2159 3100 2527 3185 antiquitus

376 3184 659 3271 decreta,
709 3185 1055 3255 custodire.
1132 3184 1239 3251 Ad
1286 3188 1457 3275 quod
1505 3210 1728 3253 omnes
1774 3187 2265 3253 consacerdotes
2310 3187 2521 3252 nostri

375 3273 836 3360 respondentes
881 3276 1211 3341 dixerunt:
1265 3275 1575 3363 „Optime
1608 3278 1903 3343 omnibus
1935 3276 2169 3363 placet,
2220 3298 2524 3363 quaeque

377 3361 761 3429 definierunt
807 3375 1174 3432 sanctorum
1219 3388 1496 3431 canones
1528 3376 1807 3453 patrum,
1854 3388 1970 3430 nos
2003 3388 2259 3454 quoque
2290 3387 2522 3430 omnes

377 3451 575 3518 alacri
633 3455 846 3519 animo
907 3455 1329 3521 libentissime
1388 3452 1711 3523 seruare.“
1807 3453 2056 3533 Quibus
2104 3456 2325 3522 statim
2370 3476 2521 3541 pro-

375 3542 494 3606 tuli
553 3541 829 3608 eundem
885 3543 1122 3609 librum
1183 3566 1500 3609 canonum
1549 3554 1615 3610 et
1662 3566 1741 3609 ex
1789 3542 2015 3609 eodem
2085 3543 2251 3608 libro
2295 3543 2369 3608 X
2414 3564 2518 3609 ca-

375 3630 597 3716 pitula,
647 3654 812 3718 quae
857 3656 974 3720 per
1018 3633 1160 3699 loca
1203 3643 1603 3718 notaueram‚
1653 3634 1804 3720 quia
1846 3635 2128 3699 maxime
2173 3632 2361 3697 nobis
2407 3654 2519 3697 ne—

378 3721 656 3785 cessaria
699 3722 1001 3805 sciebam,
1048 3722 1173 3788 illis
1221 3744 1442 3790 coram
1488 3720 1738 3788 ostendi
1784 3730 1868 3807 et,
1918 3732 1990 3787 ut
2034 3720 2195 3788 haec
2241 3720 2517 3807 diligen-

375 3806 505 3870 tius
549 3808 633 3873 ab
681 3810 972 3875 omnibus
1017 3814 1514 3898 susciperentur,
1562 3813 1811 3895 rogaui.
