2723 4326
111 208 216 263 111.
259 210 315 262 4.
2147 214 2272 278 109

110 388 297 454 idem
344 388 809 454 monasterium
852 386 1237 468 insulanum,
1284 388 1351 451 in
1385 410 1510 474 quo
1556 390 1697 475 ipse
1743 391 2090 475 requiescit
2137 412 2274 455 cor-

111 501 305 566 pore,
360 476 797 565 principatum
843 484 1111 543 teneret.

301 568 569 633 Habere
637 573 853 629 autem
926 566 1089 632 solet
1153 567 1295 653 ipsa
1357 566 1566 631 insula
1635 577 1954 633 rectorem
2017 590 2274 655 semper

110 656 434 723 abbatem
479 656 967 741 presbyterum,
1028 656 1207 720 cuius
1253 656 1379 719 iuri
1426 666 1491 719 et
1538 660 1746 722 omnis
1793 657 2155 744 prouincia,
2206 667 2272 724 et

109 748 246 831 ipsi
299 747 495 811 etiam
541 745 854 831 episcopi,
928 742 1150 809 ordine
1204 745 1540 827 inusitate,
1607 746 1887 813 debeant
1935 768 2076 811 esse
2123 746 2269 811 sub-

109 835 303 920 iecti,
350 835 532 898 iuxta
578 833 949 918 exemplum
992 834 1187 920 primi
1232 834 1512 899 doctoris
1559 834 1748 920 illius,
1813 836 1923 921 qui
1966 858 2096 900 non
2142 837 2270 923 epi-

114 946 383 1009 scopus,
430 920 543 987 sed
587 922 933 1008 presbyter
980 924 1194 987 extitit
1240 930 1305 986 et
1350 922 1731 1009 monachus3
1781 923 1861 989 de
1911 926 2089 989 cuius
2135 926 2274 991 uita

113 1024 187 1078 et
218 1014 443 1079 uerbis
474 1010 779 1076 nonnulla
810 1033 851 1075 a
881 1009 1207 1098 discipulis
1240 1013 1379 1077 eius
1412 1012 1709 1077 feruntur
1741 1015 1983 1100 scripta
2022 1011 2268 1079 haberi.

112 1102 378 1167 Verum
424 1101 909 1187 qualiscumque
954 1100 1152 1166 fuerit
1196 1103 1357 1187 ipse,
1404 1124 1522 1165 nos
1565 1101 1688 1167 hoc
1735 1102 1815 1167 de
1861 1102 1971 1167 illo
2022 1112 2272 1169 certum

113 1201 454 1275 tenemus,
512 1190 663 1275 quia
708 1189 969 1274 reliquit
1015 1212 1420 1257 successores
1465 1213 1706 1277 magna
1753 1193 2152 1257 continentia
2196 1216 2272 1258 ac

114 1279 342 1347 diuino
374 1302 595 1345 amore
640 1280 1057 1364 regularique
1088 1280 1489 1345 institutione
1518 1282 1835 1367 insignes3
1885 1282 1950 1347 in
1981 1290 2272 1369 tempore

114 1369 387 1456 quidem
434 1389 721 1433 summae
767 1367 1141 1433 festiuitatis
1186 1366 1416 1435 dubios
1449 1370 1722 1435 circulos
1761 1379 2123 1457 sequentes,
2171 1380 2270 1436 ut-

114 1468 281 1545 pote
342 1456 577 1544 quibus
635 1456 830 1541 longe
894 1457 1064 1522 ultra
1124 1458 1349 1524 orbem
1405 1459 1632 1545 positis
1689 1482 1880 1525 nemo
1941 1458 2274 1545 synodalia

115 1547 449 1634 paschalis
516 1546 964 1611 obseruantiae
1035 1545 1297 1613 decreta
1360 1558 1776 1634 porrexerat3
1855 1558 2108 1613 tantum
2173 1572 2270 1633 ea,

118 1660 296 1723 quae
341 1638 411 1704 in
452 1634 877 1723 propheticis,
940 1636 1330 1721 euangelicis
1379 1644 1444 1700 et
1491 1638 1856 1723 apostolicis
1904 1637 2134 1703 litteris
2179 1639 2269 1704 di·

118 1748 307 1791 scere
362 1733 684 1811 poterant,
742 1726 1002 1809 pietatis
1051 1734 1118 1790 et
1164 1725 1480 1791 castitatis
1535 1750 1732 1813 opera
1787 1726 2135 1811 diligenter
2160 1727 2267 1793 ob-

117 1824 477 1879 seruantes.
570 1812 939 1880 Permansit
996 1824 1217 1879 autem
1275 1814 1644 1880 huiusmodi
1703 1814 2112 1883 obseruantia
2159 1840 2272 1903 pa-

119 1904 362 1970 schalis
408 1902 580 1989 apud
626 1925 735 1967 eos
794 1912 1091 1989 tempore
1136 1925 1267 1969 non
1326 1926 1564 1989 pauco,
1624 1904 1750 1969 hoc
1795 1913 1894 1969 est
1937 1927 2143 1991 usque
2188 1906 2272 1971 ad

128 2014 374 2059 annum
432 1994 791 2057 dominicae
844 1993 1299 2059 incarnationis
1345 1990 1682 2059 DOOXV.
1730 2015 1848 2080 per
1890 2014 2092 2059 annos
2140 1993 2272 2059 GL.

304 2081 397 2149 At
428 2090 582 2146 tunc
626 2081 925 2147 ueniente
953 2082 1039 2147 ad
1070 2105 1179 2147 eos
1214 2084 1736 2147 reuerentissimo
1771 2092 1834 2147 et
1867 2086 2271 2149 sanctissimo

116 2181 311 2258 patre
360 2181 427 2237 et
473 2169 805 2236 sacerdote
848 2171 1219 2258 Ecgbercto
1266 2172 1347 2238 de
1393 2175 1654 2238 natione
1699 2171 2092 2260 Anglorum,
2161 2177 2278 2260 qui

115 2264 189 2326 in
235 2260 556 2326 Hibernia
616 2259 855 2326 diutius
916 2263 1296 2328 exulauerat
1356 2284 1476 2349 pro
1525 2259 1813 2346 Christe,
1877 2272 2140 2349 eratque
2205 2273 2272 2328 et

116 2351 532 2416 doctissimus
578 2350 646 2416 in
693 2351 1027 2437 scripturis
1074 2359 1141 2415 et
1184 2352 1420 2436 longae
1465 2352 1640 2416 uitae
1696 2350 2091 2438 perfectione
2138 2355 2268 2417 exi-

116 2442 315 2522 mius,
378 2440 650 2504 correcti
696 2450 845 2505 sunt
888 2463 1004 2527 per
1050 2463 1199 2505 eum
1246 2451 1310 2506 et
1356 2440 1440 2506 ad
1484 2463 1710 2506 uerum
1759 2443 2268 2528 canonicumque

116 2528 403 2616 paschae
451 2527 622 2594 diem
668 2530 993 2614 translati3
1067 2551 1259 2615 quem
1304 2539 1526 2596 tamen
1575 2539 1642 2595 et
1693 2540 1886 2596 antea
1928 2553 2057 2596 non
2105 2553 2268 2597 sem-

118 2642 241 2705 per
284 2620 351 2685 in
380 2617 533 2683 luna
562 2615 796 2683 XIIII.
848 2641 995 2682 cum
1018 2617 1301 2701 Iudaeis,
1348 2628 1422 2684 ut
1469 2620 1730 2705 quidam
1776 2619 2106 2704 rebantur,
2155 2619 2268 2686 sed

120 2710 189 2771 in
234 2707 339 2772 die
385 2706 646 2794 quidem
693 2706 1046 2790 dominica,
1110 2709 1237 2774 alia
1282 2718 1524 2794 tamen,
1574 2731 1768 2795 quam
1816 2707 2109 2796 decebat,
2160 2710 2267 2775 eb-

120 2795 399 2862 domada
444 2797 876 2864 celebrabant.
972 2795 1279 2864 Sciebant
1337 2799 1543 2882 enim,
1612 2808 1685 2862 ut
1731 2796 2106 2884 Christiani,
2168 2823 2266 2866 re-

122 2887 589 2952 surrectionem
648 2885 1066 2972 dominicam,
1138 2909 1304 2973 quae
1363 2889 1574 2974 prima
1620 2886 1876 2953 sabbati
1921 2889 2098 2954 facta
2143 2899 2264 2974 est,

122 2977 333 3060 prima
376 2974 629 3040 sabbati
678 2998 934 3064 semper
979 2998 1121 3042 esse
1168 2975 1648 3062 celebrandam3
1724 2975 1840 3042 sed
1887 2987 1958 3043 ut
2003 2977 2265 3044 barbari

121 3073 185 3128 et
231 3066 482 3148 rustici,
542 3063 797 3150 quando
844 3061 1072 3131 eadem
1116 3067 1326 3152 prima
1375 3067 1656 3151 sabbati,
1713 3089 1818 3150 ea,
1881 3088 2046 3152 quae
2091 3090 2262 3132 nunc

120 3151 440 3218 dominica
484 3153 623 3218 dies
670 3155 1187 3238 cognominatur,
1236 3157 1519 3239 ueniret,
1569 3156 1832 3220 minime
1878 3155 2258 3220 didicerant.

118 3239 362 3307 Verum
422 3244 575 3328 quia
633 3245 845 3327 gratia
908 3245 1195 3308 caritatis
1254 3245 1508 3310 feruere
1566 3267 1696 3310 non
1754 3246 2134 3328 omiserunt,
2192 3253 2260 3310 et

120 3331 303 3396 huius
350 3354 604 3418 quoque
650 3333 747 3397 rei
790 3333 1090 3397 notitiam
1127 3333 1211 3398 ad
1256 3333 1616 3420 perfectum
1662 3335 1998 3420 percipere
2046 3355 2256 3398 meru-

122 3430 325 3503 erunt,
372 3423 554 3486 iuxta
601 3422 991 3508 promissum
1038 3423 1311 3508 apostoli
1355 3421 1626 3488 dicentis
1673 3419 1978 3509 (Philipp.
2013 3426 2075 3508 3,
2115 3421 2255 3510 15):

121 3511 226 3574 ‘Et
270 3511 482 3596 siquid
526 3508 714 3576 aliter
760 3512 1011 3597 sapitis,
1062 3521 1129 3576 et
1171 3511 1295 3576 hoc
1341 3533 1596 3598 quoque
1641 3512 1826 3577 uobis
1871 3512 2026 3578 deus
2071 3535 2252 3578 reue-

114 3598 317 3664 labit!
407 3601 512 3666 De
574 3622 699 3686 quo
761 3600 1013 3686 plenius
1066 3602 1133 3665 in
1194 3601 1610 3688 sequentibus
1671 3624 1784 3666 suo
1842 3602 1982 3668 loco
2043 3601 2256 3668 dicen-

116 3688 267 3754 dum
323 3697 439 3756 est.
