2723 4326
407 175 534 237 136
2312 174 2410 225 111.
2453 175 2541 229 19.

575 345 740 413 Cum
788 371 970 434 erg0‚
1031 358 1103 413 ut
1149 347 1232 413 ad
1279 351 1615 437 superiora
1657 349 2025 429 redeamus,
2088 349 2307 414 multis
2354 353 2545 415 annis

396 439 464 501 in
511 435 760 503 Scottia
803 438 1076 503 uerbum
1122 438 1226 503 dei
1272 440 1567 505 omnibus
1614 437 2038 523 adnuntians,
2084 438 2398 505 tumultus
2445 442 2545 505 in-

395 529 722 592 ruentium
779 526 1116 593 turbarum
1177 550 1304 593 non
1367 528 1558 593 facile
1617 527 1844 613 ferret,
1910 528 2153 593 relictis
2218 528 2539 613 omnibus,

395 638 561 702 quae
606 615 846 682 habere
892 615 1252 701 uidebatur,
1307 618 1390 682 ab
1421 620 1563 704 ipsa
1608 639 1864 703 quoque
1907 617 2116 683 insula
2159 618 2371 703 patria
2414 618 2543 682 dis-

396 707 617 771 cessit:
685 714 752 770 et
796 707 1020 792 paucis
1069 728 1215 770 cum
1260 705 1573 771 fratribus
1617 728 1733 793 per
1776 706 2123 772 Brettones
2167 708 2235 771 in
2281 710 2543 792 prouin-

399 796 566 859 ciam
635 792 998 877 Anglorum
1059 792 1320 860 deuenit
1389 795 1609 881 ibique
1667 794 2047 881 praedicans
2105 795 2405 877 uerbum,
2468 806 2547 861 ut

397 881 696 967 diximus,
730 885 1193 949 monasterium
1223 884 1438 950 nobile
1472 885 1849 953 construxit.
1898 883 2148 963 Quibus
2173 886 2295 948 rite
2316 887 2546 969 gestis,

399 973 662 1059 cupiens
723 994 793 1038 se
853 971 936 1037 ab
1000 972 1294 1037 omnibus
1356 972 1593 1039 saeculi
1650 972 1839 1037 huius
1898 983 1963 1037 et
2015 974 2215 1059 ipsius
2285 995 2547 1059 quoque

397 1062 772 1127 monasterii
830 1063 1115 1147 negotiis
1175 1059 1488 1145 alienare,
1546 1062 1809 1148 reliquit
1865 1063 2243 1127 monasterii
2286 1071 2353 1127 et
2406 1065 2543 1127 ani-

396 1172 651 1215 marum
699 1172 918 1215 curam
963 1150 1150 1215 fratri
1195 1173 1309 1215 suo
1355 1151 1630 1219 Fullano
1678 1159 1745 1216 et
1787 1152 2184 1238 presbyteris
2218 1148 2549 1216 Gobbano

398 1248 464 1305 et
530 1239 817 1323 Dicullo,
885 1248 950 1303 et
1007 1240 1146 1325 ipse
1204 1240 1288 1304 ab
1350 1240 1647 1305 omnibus
1706 1239 1929 1305 mundi
1990 1240 2185 1305 rebus
2236 1239 2405 1305 liber
2473 1242 2543 1305 in

397 1327 807 1393 anchoretica
853 1329 1338 1393 conuersatione
1382 1330 1584 1394 uitam
1628 1327 1813 1395 finire
1862 1328 2196 1416 disposuit.
2282 1328 2541 1393 Habuit

395 1418 674 1481 alterum
739 1416 1003 1481 fratrem
1065 1417 1377 1482 uocabulo
1435 1417 1774 1501 Vltauum,
1840 1420 1948 1504 qui
2011 1416 2091 1483 de
2159 1420 2545 1483 monasterii

397 1503 780 1592 probatione
840 1504 1141 1571 diuturna
1199 1506 1284 1571 ad
1343 1506 1790 1573 heremiticam
1866 1515 2252 1593 peruenerat
2307 1508 2543 1573 uitam.

398 1593 593 1659 Hunc
640 1615 798 1679 ergo
847 1595 1016 1660 solus
1061 1604 1317 1681 petens,
1367 1618 1608 1663 annum
1654 1604 1862 1661 totum
1908 1618 2054 1661 cum
2101 1617 2175 1661 eo
2220 1597 2287 1659 in
2334 1598 2543 1662 conti-

396 1684 616 1750 nentia
647 1692 713 1748 et
745 1683 1156 1766 orationibuS,
1190 1686 1256 1749 in
1289 1685 1628 1750 cotidianis
1660 1707 1965 1750 manuum
1993 1685 2159 1749 uixit
2188 1683 2543 1751 laboribus.

578 1771 751 1836 Dein
774 1773 1101 1839 turbatam
1122 1774 1486 1839 incursione
1512 1775 1848 1860 gentilium
1872 1774 2270 1861 prouinciam
2289 1772 2547 1857 uidens,

402 1870 469 1927 et
531 1863 937 1927 monasteriis
1004 1884 1260 1948 quoque
1323 1862 1677 1949 periculum
1742 1864 2059 1927 inminere
2132 1862 2543 1949 praeuidens,

399 1949 682 2015 dimissis
751 1949 1044 2015 ordinate
1105 1951 1399 2017 omnibus
1476 1953 1809 2036 nauigauit
1878 1949 2163 2017 Galliam
2238 1952 2459 2037 ibique
2507 1976 2547 2017 a

401 2061 560 2124 rege
591 2037 988 2105 Francorum
1019 2039 1303 2105 Hloduio
1360 2042 1469 2105 uel
1521 2042 1792 2127 patricio
1824 2038 2234 2105 Ercunualdo
2288 2039 2547 2105 honori-

401 2127 523 2194 fice
569 2138 906 2216 susceptus
962 2130 1427 2194 monasterium
1484 2132 1842 2196 construxit
1887 2131 1955 2196 in
1997 2129 2137 2195 loco
2184 2126 2549 2198 Latineaco

399 2219 726 2282 nominato
736 2268 755 2302 ,
813 2241 890 2285 ac
935 2241 1063 2284 non
1109 2219 1309 2284 multo
1357 2229 1506 2305 post
1549 2217 1925 2285 infirmitate
1980 2227 2311 2304 correptus
2366 2217 2545 2286 diem

400 2305 630 2372 clausit
684 2306 999 2372 ultimum.
1096 2305 1294 2372 Cuius
1347 2329 1581 2396 corpus
1626 2309 1798 2374 idem
1842 2306 2289 2374 Ercunualdus
2344 2311 2546 2394 patri-

399 2397 536 2460 cius
591 2397 912 2483 accipiens
959 2399 1241 2462 seruauit
1271 2399 1340 2460 in
1373 2399 1623 2484 porticu
1655 2396 1932 2484 quodam
1964 2397 2294 2481 ecclesiae,
2342 2419 2547 2482 quam

398 2486 466 2549 in
513 2484 666 2550 uilla
712 2506 848 2565 sua,
897 2486 999 2549 cui
1043 2507 1282 2550 nomen
1325 2495 1423 2550 est
1467 2485 1776 2570 Perrona,
1823 2486 2121 2566 faciebat,
2170 2483 2372 2550 donec
2396 2487 2549 2572 ipsa

401 2573 674 2640 ecclesia
719 2572 1144 2638 dedicaretur.
1239 2572 1430 2653 Quod
1474 2573 1627 2640 dum
1672 2582 1819 2661 post
1864 2572 1998 2639 dies
2042 2572 2321 2640 XXVII
2366 2585 2548 2640 esset

401 2663 669 2747 factum,
719 2671 784 2727 et
839 2684 1069 2749 corpus
1100 2665 1315 2750 ipsum
1345 2662 1427 2728 de
1457 2666 1712 2749 porticu
1757 2664 2045 2728 ablatum
2088 2685 2291 2750 prope
2335 2663 2549 2728 altare

403 2760 575 2816 esset
619 2749 1112 2835 recondendum,
1159 2753 1496 2817 inuentum
1526 2763 1625 2818 est
1653 2755 1744 2818 ita
1779 2752 2072 2836 inlesum,
2121 2775 2198 2818 ac
2229 2753 2284 2816 si
2315 2751 2548 2820 eadem

401 2839 563 2904 hora
595 2837 676 2904 de
706 2839 826 2905 hac
863 2840 1008 2906 luce
1051 2840 1278 2906 fuisset
1325 2863 1641 2926 egressus.
1706 2839 1838 2908 Sed
1870 2850 1935 2906 et
1965 2849 2112 2927 post
2143 2863 2341 2906 annos
2372 2839 2544 2925 1111,

405 2937 777 2994 constructa
822 2929 1207 2994 domuncula
1253 2930 1525 2995 cultiore
1570 2931 1860 3017 receptui
1906 2931 2191 3016 corporis
2230 2928 2546 3014 eiusdem,

401 3016 486 3084 ad
547 3019 862 3083 orientem
921 3019 1143 3084 altaris
1160 3068 1176 3097 ‚
1239 3018 1451 3084 adhuc
1497 3020 1634 3086 sine
1680 3019 1931 3085 macula
1977 3019 2401 3106 corruptionis
2446 3021 2546 3093 in-

401 3116 700 3188 uentum,
761 3106 1004 3173 ibidem
1066 3107 1260 3194 digno
1309 3129 1457 3172 cum
1501 3107 1741 3173 honore
1801 3109 2185 3173 translatum
2240 3117 2367 3191 est3
2429 3109 2545 3173 ubi

403 3198 638 3261 merita
683 3194 852 3261 illius
901 3196 1119 3260 multis
1165 3219 1360 3283 saepe
1410 3206 1661 3265 constat
1706 3196 1827 3262 deo
1876 3205 2186 3283 operante
2234 3197 2544 3262 claruisse

401 3285 766 3350 uirtutibus.
859 3284 1047 3351 Haec
1092 3283 1172 3350 de
1219 3287 1505 3371 corporis
1554 3289 1689 3352 eius
1735 3286 2209 3372 incorruptione
2255 3285 2545 3350 breuiter

401 3375 808 3460 attingimus,
876 3383 975 3460 ut,
1041 3383 1284 3460 quanta
1331 3382 1503 3440 esset
1546 3377 1672 3441 uiri
1732 3376 2115 3458 sublimitas,
2176 3374 2545 3459 legentibus

401 3465 614 3527 notius
663 3464 992 3530 existeret.
1057 3461 1240 3542 Quae
1288 3474 1521 3528 cuncta
1565 3465 1631 3528 in
1661 3463 1877 3530 libello
1916 3464 2049 3528 eius
2096 3461 2541 3546 sufficientius,

403 3550 516 3615 sed
573 3560 638 3617 et
693 3551 776 3616 de
830 3552 974 3618 aliis
1043 3551 1585 3618 commilitonibus
1650 3553 1877 3640 ipsius,
1951 3553 2220 3639 quisque
2281 3551 2542 3638 legerit,

401 3639 708 3704 inueniet.
