2723 4326
147 211 200 267 1.
234 213 322 268 25.
2208 215 2291 280 35

149 401 511 476 cantarum,
546 412 741 477 quam
774 413 814 455 a
846 389 1199 454 continenti
1229 397 1408 454 terra
1438 393 1715 456 secernit
1746 389 1979 456 fluuius
2014 388 2291 455 Vantsu-

155 505 288 564 mu,
337 484 450 567 qui
495 491 595 545 est
639 479 994 544 latitudinis
1025 479 1282 544 circiter
1329 480 1525 544 trium
1565 479 1917 545 stadiorum
1951 488 2015 544 et
2046 478 2293 545 duobus

153 579 410 636 tantum
469 571 539 634 in
581 569 738 634 locis
786 577 882 633 est
926 567 1428 634 transmeabilisz
1492 578 1834 655 utrumque
1881 569 2055 634 enim
2100 578 2295 656 caput

153 657 490 747 ‘protendit
535 659 601 722 in
647 679 846 722 mare.
940 656 1018 722 In
1066 656 1186 722 hac
1234 680 1391 742 ergo
1438 657 1748 745 adplicuit
1796 679 2021 722 seruus
2052 657 2297 723 domini

153 747 565 834 Augustinus
599 756 664 812 et
710 747 866 812 socii
899 748 1054 830 eius,
1103 746 1248 830 uiri,
1295 755 1369 811 ut
1414 747 1650 829 ferunt,
1699 745 1901 812 ferme
1946 745 2094 813 XL.
2169 747 2294 813 Ac-

155 847 470 925 ceperunt
529 846 748 901 autem
815 837 1256 922 praecipiente
1326 837 1515 901 beato
1584 859 1753 924 papa
1818 833 2143 920 Gregorio
2187 835 2294 903 ‘de

159 937 358 1012 gente
396 926 795 991 Francorum
839 927 1227 1012 interpretes
1275 933 1340 989 et
1385 926 1647 990 mittens
1694 923 1776 990 ad
1808 922 2296 991 Aedilberctum

157 1014 491 1082 mandauit
535 1037 606 1080 se
651 1015 901 1079 uenisse
946 1013 1028 1079 de
1061 1013 1267 1079 Roma
1312 1033 1389 1079 ac
1434 1016 1728 1079 nuntium
1758 1013 1928 1079 ferre
1959 1017 2293 1101 optimum,

161 1107 276 1193 qui
343 1105 466 1170 sibi
533 1104 1131 1189 obtemperantibus
1195 1113 1464 1169 aeterna
1530 1105 1596 1168 in
1662 1105 1855 1170 caelis
1924 1102 2162 1189 gaudia
2230 1113 2297 1171 et

163 1215 442 1281 regnum
485 1193 622 1258 sine
651 1193 780 1257 fine
813 1214 960 1256 cum
991 1190 1109 1256 deo
1156 1195 1304 1258 uiuo
1353 1202 1417 1258 et
1465 1214 1645 1258 uero·
1666 1193 1952 1258 futurum
2000 1195 2138 1258 sine
2168 1192 2297 1258 ulla

160 1283 490 1348 dubietate
536 1282 962 1368 promitteret.
1057 1278 1218 1367 Qui,
1283 1282 1447 1347 haec
1492 1281 1789 1367 audiens,
1851 1304 2111 1348 manere
2157 1283 2297 1348 illos

161 1376 230 1438 in
253 1395 351 1458 ea,
401 1394 595 1458 quam
641 1370 958 1455 adierant,
1007 1370 1220 1436 insula
1265 1382 1330 1437 et
1377 1373 1465 1436 eis
1513 1374 1877 1437 necessaria
1922 1373 2294 1456 ministrari,

161 1463 367 1529 donec
411 1458 683 1544 uideret,
733 1458 887 1546 quid
920 1462 1012 1525 eis
1041 1460 1300 1545 faceret,
1334 1462 1537 1526 iussit.
1600 1460 1773 1526 Nam
1808 1469 1871 1526 et
1901 1470 2096 1526 antea
2126 1460 2300 1526 fama

157 1549 246 1618 ad
293 1573 440 1616 eum
489 1547 892 1614 Christianae
938 1547 1269 1634 religionis
1315 1559 1737 1636 peruenerat,
1798 1559 2022 1637 utpote
2078 1552 2187 1637 qui
2234 1561 2299 1616 et

161 1662 430 1706 uxorem
477 1638 760 1704 habebat
800 1636 1232 1704 Christianam
1280 1637 1360 1704 de
1408 1651 1603 1724 gente
1649 1639 2050 1704 Francorum
2095 1640 2296 1725 regia,

163 1727 481 1795 uocabulo
527 1727 800 1810 Bereta3
850 1749 1043 1813 quam
1078 1751 1155 1793 ea
1187 1728 1559 1793 condicione
1606 1751 1644 1792 a
1690 1729 2066 1816 parentibus
2113 1752 2297 1794 acce-

161 1829 364 1906 perat,
409 1826 482 1881 ut
503 1818 700 1882 ritum
742 1813 891 1880 fidei
921 1840 998 1882 ac
1029 1817 1357 1901 religionis
1387 1840 1539 1882 suae
1572 1841 1717 1883 cum
1750 1820 2069 1905 episcopo,
2103 1840 2296 1904 quem

165 1909 228 1973 ei
254 1907 618 1973 adiutorem
650 1904 804 1971 fidei
835 1904 1168 1991 dederant,
1199 1907 1457 1972 nomine
1487 1903 1881 1990 Liudhardo‚
1920 1907 2299 1973 inuiolatum

159 2019 426 2063 seruare
467 1996 795 2060 licentiam
841 1989 1130 2062 haberet.

342 2086 500 2150 Post
532 2084 667 2150 dies
699 2102 857 2171 ergo
903 2085 1082 2150 uenit
1126 2081 1208 2148 ad
1254 2084 1527 2149 insulam
1574 2107 1691 2148 rex
1737 2093 1801 2150 et
1844 2082 2133 2149 residens
2179 2085 2297 2150 sub

163 2174 312 2242 diuo
372 2176 560 2239 iussit
603 2173 1040 2261 Augustinum
1087 2196 1230 2240 cum
1280 2176 1469 2239 sociis
1528 2172 1611 2239 ad
1670 2196 1855 2241 suum
1899 2171 2137 2239 ibidem
2188 2172 2296 2239 ad-

163 2266 389 2331 uenire
435 2264 840 2351 colloquium.
919 2263 1200 2329 Cauerat
1248 2264 1437 2347 enim,
1487 2286 1567 2329 ne
1612 2264 1680 2328 in
1726 2263 2007 2350 aliquam
2040 2261 2298 2329 domum

164 2353 246 2419 ad
291 2376 364 2419 se
411 2355 768 2437 introirent,
815 2362 1035 2419 uetere
1079 2371 1234 2418 usus
1277 2354 1571 2437 augurio,
1618 2374 1699 2417 ne
1740 2362 2127 2440 superuentu
2162 2374 2296 2437 suo,

163 2442 380 2530 siquid
442 2442 773 2507 maleficae
835 2444 990 2507 artis
1049 2440 1457 2527 habuissent,
1524 2464 1673 2507 eum
1718 2442 2079 2530 superando
2126 2442 2295 2507 deci-

163 2541 414 2621 perent.
507 2531 599 2597 At
643 2532 739 2596 illi
781 2554 913 2596 non-
958 2528 1358 2617 daemonica,
1410 2529 1525 2597 sed
1569 2531 1787 2597 diuina
1833 2534 2073 2597 uirtute
2117 2555 2299 2619 prae-

163 2622 281 2687 diti
324 2622 676 2687 ueniebant
721 2644 977 2687 crucem
1023 2643 1140 2707 pro
1185 2621 1421 2687 uexillo
1476 2621 1759 2687 ferentes
1805 2630 2204 2706 argenteam,
2232 2630 2300 2688 et

165 2713 521 2797 imaginem
551 2710 793 2775 domini
839 2712 1173 2775 saluatoris
1215 2712 1281 2775 in
1313 2711 1533 2776 tabula
1564 2708 1914 2797 depictam,
1960 2712 2300 2777 laetanias-

168 2823 292 2887 que
355 2809 660 2865 canentes
720 2822 837 2886 pro
899 2822 1013 2864 sua
1059 2800 1248 2865 simul
1295 2808 1359 2864 et
1407 2822 1657 2885 eorum,
1717 2808 1980 2887 propter
2026 2822 2185 2887 quos
2234 2808 2300 2866 et

166 2888 247 2954 ad
295 2911 458 2975 quos
501 2898 846 2968 uenerant,
909 2887 1114 2953 salute
1177 2900 1469 2969 aeterna,
1528 2888 1785 2954 domino
1831 2890 2298 2977 supplicabant.

165 2978 466 3065 Cumque
520 2978 604 3043 ad
656 2980 1004 3043 iussionem
1058 2980 1232 3062 regis
1287 2977 1641 3044 residentes
1702 2980 1975 3045 uerbum
2022 2980 2081 3043 ei
2126 2980 2298 3044 uitae

167 3090 294 3133 una
340 3090 488 3133 cum
535 3067 850 3150 omnibus,
901 3066 1010 3153 qui
1057 3065 1352 3151 aderant,
1404 3070 1539 3132 eius
1586 3069 1927 3134 comitibus
1973 3065 2299 3155 praedica-

167 3166 342 3243 rent,
393 3156 726 3243 respondit
770 3156 878 3221 ille
924 3156 1171 3221 dicens:
1247 3154 1547 3221 ‘Pulchra
1604 3166 1749 3221 sunt
1796 3157 2055 3243 quidem
2102 3156 2300 3221 uerba

165 3256 230 3311 et
275 3247 617 3333 promissa,
667 3267 832 3332 quae
878 3243 1170 3329 adfertis3
1219 3243 1333 3310 sed
1371 3248 1523 3332 quia
1558 3268 1727 3311 noua
1758 3256 1907 3310 sunt
1938 3255 2002 3309 et
2032 3248 2298 3329 incerta,

166 3358 292 3401 non
326 3333 428 3400 his
459 3356 722 3421 possum
749 3334 1095 3399 adsensum
1127 3335 1433 3419 tribuere,
1482 3334 1722 3399 relictis
1771 3337 1883 3419 eis,
1925 3356 2091 3420 quae
2120 3342 2298 3399 tanto

169 3436 462 3512 tempore
531 3440 679 3489 cum
743 3424 918 3488 omni
981 3422 1347 3509 Anglorum
1415 3432 1612 3509 gente
1677 3425 1951 3488 seruaui.
2055 3422 2300 3488 Verum

166 3516 318 3601 quia
366 3513 446 3579 de
488 3513 684 3598 longe
727 3510 854 3578 huc
899 3514 1224 3599 peregrini
1269 3514 1563 3596 uenistis‚
1614 3520 1676 3576 et
1724 3521 1794 3577 ut
1840 3534 1963 3598 ego
2009 3512 2166 3576 mihi
2210 3514 2301 3578 ui-

167 3604 322 3668 deor
368 3602 798 3689 perspexisse,
845 3624 942 3687 ea,
992 3624 1160 3688 quae
1204 3625 1320 3668 uos
1369 3624 1526 3667 uera
1556 3610 1623 3666 et
1652 3604 1893 3689 optima
1925 3599 2300 3688 credebatis,

165 3692 354 3758 nobis
401 3714 658 3779 quoque
705 3693 1180 3757 communicare
1213 3690 1663 3775 desiderastis,
1708 3691 2006 3757 nolumus
2052 3692 2302 3757 molesti

165 3804 308 3847 esse
353 3782 570 3865 uobis3
621 3785 776 3867 quin
821 3782 1035 3867 potius
1081 3781 1363 3865 benigno
1410 3804 1523 3846 uos
1569 3781 1846 3868 hospitio
1892 3782 2183 3868 recipere
2216 3791 2299 3865 et,

165 3892 333 3958 quae
378 3871 582 3936 uictui
629 3879 776 3934 sunt
824 3878 1040 3935 uestro
1099 3872 1495 3953 necessaria,
1554 3871 1920 3937 ministrare
1968 3892 2298 3936 curamus:
