2723 4326
111 212 211 265 111.
252 215 303 269 3.
2133 218 2258 283 107

110 413 346 457 uerum
407 394 517 475 sit,
589 393 836 477 peritus
904 393 1175 478 quisque
1243 391 1545 457 facillime
1611 394 1962 477 cognoscit.
2055 393 2258 459 Porro

111 492 345 566 gentes
392 478 793 562 Scottorum,
844 501 1011 565 quae
1056 484 1124 545 in
1168 482 1557 546 australibus
1603 480 1964 547 Hiberniae
2013 482 2260 548 insulae

109 570 411 657 partibus
469 569 916 653 morabantur,
979 568 1355 635 iamdudum
1417 568 1499 635 ad
1559 569 2063 636 admonitionem
2109 594 2260 658 apo·

110 660 382 725 stolicae
428 659 599 724 sedis
646 661 979 745 antistitis,
1050 659 1291 746 pascha
1350 660 1658 724 canonico
1721 661 1852 725 ritu
1911 660 2260 727 obseruare

110 748 499 816 didicerunt.

297 838 601 903 Venienti
624 838 844 929 ⁴igitur
890 837 971 902 ad
1019 860 1089 903 se
1135 840 1460 925 episcopo,
1508 860 1626 902 rex
1670 838 1881 903 locum
1929 836 2096 903 sedis
2130 840 2262 924 epi-

110 928 395 1013 scopalis
425 927 489 992 in
520 926 730 993 insula
758 926 1289 1012 Lindisfarnensi,
1334 926 1450 991 ubi
1495 928 1634 1013 ipse
1680 928 1964 1013 petebat,
2012 928 2257 993 tribuit.

111 1016 247 1096 Qui
307 1014 610 1083 uidelicet
668 1018 845 1081 locus
903 1014 1254 1081 accedente
1301 1038 1380 1082 ac
1426 1015 1766 1081 recedente
1824 1026 2118 1081 reumate
2162 1017 2262 1082 bis

110 1106 355 1171 cotidie
400 1108 604 1171 instar
648 1105 891 1169 insulae
935 1106 1132 1170 maris
1179 1105 1624 1171 circumluitur
1669 1105 1875 1188 undis,
1930 1107 2032 1172 bis
2076 1128 2262 1170 renu-

113 1196 275 1260 dato
321 1195 538 1260 littore
586 1196 923 1279 contiguus
971 1204 1189 1261 terrae
1233 1195 1552 1279 redditur3
1619 1205 1813 1282 atque
1860 1197 1994 1259 eius
2040 1194 2278 1260 admo?

110 1284 469 1350 nitionibus
535 1283 865 1348 humiliter
923 1306 999 1348 ac
1058 1284 1337 1349 libenter
1400 1286 1470 1349 in
1528 1285 1823 1350 omnibus
1869 1283 2258 1366 auscultans,

112 1373 460 1439 ecclesiam
508 1372 750 1438 Christi
793 1374 863 1437 in
906 1395 1109 1458 regno
1155 1395 1271 1438 suo
1317 1374 1593 1437 multum
1640 1372 1984 1457 diligenter
2039 1371 2257 1438 aedifi-

112 1485 269 1527 care
317 1484 393 1527 ac
438 1462 707 1527 dilatare
728 1480 732 1484 ·
754 1465 1023 1527 curauit.
1110 1462 1243 1528 Vbi
1287 1461 1718 1550 pulcherrimo
1767 1485 1962 1550 saepe
2008 1471 2257 1549 specta-

114 1552 265 1616 culo
324 1554 625 1637 contigit,
686 1560 758 1615 ut
818 1551 1309 1637 euangelizante
1369 1553 1682 1636 antistite,
1744 1553 1854 1638 qui
1900 1552 2262 1636 Anglorum

111 1642 410 1726 linguam
473 1641 763 1728 perfecte
806 1663 935 1706 non
978 1650 1279 1723 nouerat,
1339 1642 1480 1727 ipse
1525 1663 1645 1705 rex
1692 1644 1823 1705 suis
1871 1640 2138 1705 ducibus
2186 1663 2263 1704 ac

111 1732 429 1795 ministris
472 1732 791 1816 interpres
822 1730 1010 1795 uerbi
1054 1730 1364 1795 existeret
1410 1729 1732 1813 caelestis;
1780 1732 1931 1817 quia
1959 1731 2264 1794 nimirum

111 1830 255 1883 tam
317 1820 515 1904 longo
580 1819 756 1883 exilii
820 1820 918 1883 sui
980 1828 1279 1899 tempore
1345 1819 1635 1904 linguam
1700 1817 2068 1884 Scottorum
2132 1821 2262 1883 iam

113 1908 312 1996 plene
376 1907 711 1974 didicerat.
802 1907 979 1975 Exin
1024 1929 1295 1994 coepere
1342 1909 1558 1994 plures
1601 1930 1721 1995 per
1767 1906 1904 1973 dies
1952 1906 2033 1973 de
2079 1906 2263 1975 Scot-

113 2009 333 2063 torum
396 2000 664 2083 regione
723 1999 945 2062 uenire
1002 1996 1392 2062 Brittaniam
1461 2007 1654 2082 atque
1711 1997 1838 2061 illis
1896 1995 2262 2081 Anglorum

115 2088 491 2175 prouinciis,
540 2086 773 2174 quibus
818 2088 1121 2173 regnauit
1167 2109 1286 2151 rex
1319 2083 1586 2171 Osuald,
1633 2108 1875 2170 magna
1920 2084 2262 2152 deuotione

113 2177 393 2242 uerbum
439 2174 589 2242 fidei
634 2176 1008 2263 praedicare
1055 2186 1121 2241 et
1172 2176 1584 2243 credentibus
1623 2178 1905 2262 gratiam
1935 2175 2262 2263 baptismi,

118 2270 512 2352 quicumque
570 2264 955 2332 sacerdotali
1002 2274 1187 2331 erant
1234 2266 1444 2350 gradu
1503 2265 1809 2353 praediti,
1874 2267 2260 2332 ministrare.

119 2355 685 2420 Construebantur
745 2377 901 2441 ergo
960 2355 1268 2421 ecclesiae
1331 2377 1450 2443 per
1495 2354 1664 2440 loca,
1727 2353 2136 2420 confluebant
2183 2351 2266 2418 ad

116 2443 511 2510 audiendum
557 2445 829 2510 uerbum
873 2445 1095 2532 populi
1132 2445 1512 2528 gaudentes,
1559 2444 1965 2510 donabantur
1999 2465 2266 2508 munere

117 2536 307 2620 regio
355 2534 813 2620 possessioneS,
862 2543 927 2598 et
957 2535 1287 2599 territoria
1318 2534 1402 2598 ad
1431 2533 1827 2600 instituenda
1856 2534 2264 2616 monasteria,

115 2624 557 2689 inbuebantur
645 2623 1177 2710 praeceptoribus
1255 2622 1498 2689 Scottis
1572 2623 1828 2711 paruuli
1902 2622 2265 2706 Anglorum

118 2736 251 2778 una
318 2735 465 2778 cum
531 2711 882 2777 maioribus
952 2711 1178 2779 studiis
1240 2722 1306 2778 et
1373 2713 1823 2778 obseruatione
1891 2711 2268 2798 disciplinae

122 2825 193 2868 re
291 2802 464 2867 lariS.

199 2825 367 2954 guN
370 2914 477 2956 am
521 2890 817 2956 monachi
864 2899 1049 2956 erant
1094 2892 1406 2974 maxime,
1473 2891 1585 2976 qui
1630 2888 1712 2954 ad
1758 2888 2263 2977 praedicandum

122 2989 460 3047 uenerant.
554 2978 913 3045 Monachus
970 2983 1111 3067 ipse
1170 2981 1508 3067 episcopus
1569 2977 1827 3064 Aedan,
1901 2989 2125 3068 utpote
2191 2978 2270 3044 de

120 3070 360 3154 insula,
409 3092 574 3156 quae
620 3079 890 3134 uocatur
936 3067 1077 3152 Hii,
1142 3068 1523 3154 destinatus,
1581 3070 1760 3133 cuius
1807 3070 2267 3134 monasterium

122 3161 188 3224 in
238 3162 487 3223 cunctis
529 3181 698 3245 pene
743 3157 1359 3245 Septentrionalium
1406 3156 1804 3240 Scottorum,
1871 3167 1935 3222 et
1981 3159 2266 3221 omnium

122 3248 460 3313 Pictorum
507 3249 913 3314 monasteriis
951 3269 1077 3313 non
1124 3271 1327 3334 paruo
1375 3257 1670 3334 tempore
1715 3268 1936 3311 arcem
1979 3245 2266 3328 tenebat,

123 3338 557 3423 regendisque
588 3359 811 3402 eorum
856 3336 1109 3424 populis
1153 3347 1480 3424 praeerat:
1530 3358 1695 3423 quae
1725 3333 2028 3400 uidelicet
2057 3336 2269 3400 insula

123 3425 207 3492 ad
268 3429 367 3491 ius
429 3426 690 3513 quidem
749 3426 1113 3492 Brittaniae
1172 3427 1483 3514 pertinet,
1552 3447 1683 3490 non
1741 3445 1978 3509 magno
2039 3424 2121 3489 ab
2190 3447 2269 3489 ea

124 3514 294 3580 freto
328 3513 625 3600 discreta,
670 3515 785 3581 sed
817 3515 1161 3581 donatione
1193 3516 1544 3599 Pictorum,
1591 3516 1701 3600 qui
1730 3513 1874 3578 illas
1907 3511 2268 3578 Brittaniae

120 3604 354 3693 plagas
400 3605 714 3688 incolunt,
778 3603 1154 3671 iamdudum
1212 3603 1544 3670 monachis
1589 3605 1960 3671 Scottorum
2008 3600 2266 3688 tradita,

125 3717 202 3758 eo
251 3695 423 3781 quod
467 3694 591 3760 illis
636 3695 1158 3782 praedicantibus
1204 3692 1399 3759 fidem
1448 3691 1687 3758 Christi
1731 3693 2160 3779 perceperint.
