<?xml version="1.0" encoding="UTF-8"?>
<!DOCTYPE html PUBLIC "-//W3C//DTD XHTML 1.0 Transitional//EN"
    "http://www.w3.org/TR/xhtml1/DTD/xhtml1-transitional.dtd">
<html xmlns="http://www.w3.org/1999/xhtml" xml:lang="en" lang="en">
 <head>
  <title>
</title>
<meta http-equiv="Content-Type" content="text/html;charset=utf-8" />
  <meta name='ocr-system' content='tesseract 3.04.00' />
  <meta name='ocr-capabilities' content='ocr_page ocr_carea ocr_par ocr_line ocrx_word'/>
</head>
<body>
  <div class='ocr_page' id='page_1' title='image "./historiaecclesi00venegoog_0115.png"; bbox 0 0 2723 4326; ppageno 0'>
   <div class='ocr_carea' id='block_1_1' title="bbox 888 1296 1624 1559">
    <p class='ocr_par' dir='ltr' id='par_1_1' title="bbox 888 1296 1624 1559">
     <span class='ocr_line' id='line_1_1' title="bbox 888 1296 1624 1367; baseline 0 -2"><span class='ocrx_word' id='word_1_1' title='bbox 888 1296 1163 1365; x_wconf 81' lang='lat' dir='ltr'>LIBER</span> <span class='ocrx_word' id='word_1_2' title='bbox 1208 1296 1624 1367; x_wconf 82' lang='lat' dir='ltr'><strong>TERTIVS.</strong></span> 
     </span>
     <span class='ocr_line' id='line_1_2' title="bbox 1227 1494 1284 1559; baseline 0 0"><span class='ocrx_word' id='word_1_3' title='bbox 1227 1494 1284 1559; x_wconf 93' lang='lat'><strong>1.</strong></span> 
     </span>
    </p>
   </div>
   <div class='ocr_carea' id='block_1_2' title="bbox 244 1652 2256 1901">
    <p class='ocr_par' dir='ltr' id='par_1_2' title="bbox 244 1652 2256 1901">
     <span class='ocr_line' id='line_1_3' title="bbox 244 1652 2255 1724; baseline -0.001 -12"><span class='ocrx_word' id='word_1_4' title='bbox 244 1655 323 1712; x_wconf 82' lang='lat' dir='ltr'><strong>vt</strong></span> <span class='ocrx_word' id='word_1_5' title='bbox 359 1653 555 1724; x_wconf 80' lang='lat' dir='ltr'><strong>primi</strong></span> <span class='ocrx_word' id='word_1_6' title='bbox 593 1666 984 1709; x_wconf 82' lang='lat' dir='ltr'><strong>successores</strong></span> <span class='ocrx_word' id='word_1_7' title='bbox 1021 1652 1289 1709; x_wconf 80' lang='lat' dir='ltr'><strong>Aedulni</strong></span> <span class='ocrx_word' id='word_1_8' title='bbox 1326 1652 1501 1721; x_wconf 73' lang='lat' dir='ltr'><strong>rchs</strong></span> <span class='ocrx_word' id='word_1_9' title='bbox 1540 1653 1605 1709; x_wconf 87' lang='lat' dir='ltr'><strong>ct</strong></span> <span class='ocrx_word' id='word_1_10' title='bbox 1641 1653 1823 1709; x_wconf 82' lang='lat' dir='ltr'><strong>fldem</strong></span> <span class='ocrx_word' id='word_1_11' title='bbox 1862 1668 2008 1710; x_wconf 82' lang='lat' dir='ltr'><strong>suae</strong></span> <span class='ocrx_word' id='word_1_12' title='bbox 2046 1654 2255 1723; x_wconf 68' lang='lat' dir='ltr'><strong>genus</strong></span> 
     </span>
     <span class='ocr_line' id='line_1_4' title="bbox 249 1741 2256 1813; baseline 0 -14"><span class='ocrx_word' id='word_1_13' title='bbox 249 1741 687 1813; x_wconf 51' lang='lat' dir='ltr'><strong>prodiderunt*</strong></span> <span class='ocrx_word' id='word_1_14' title='bbox 710 1741 775 1798; x_wconf 82' lang='lat' dir='ltr'><strong>ct</strong></span> <span class='ocrx_word' id='word_1_15' title='bbox 810 1756 1069 1810; x_wconf 76' lang='lat' dir='ltr'><strong>rognum</strong></span> <span class='ocrx_word' id='word_1_16' title='bbox 1105 1756 1298 1811; x_wconf 80' lang='lat' dir='ltr'><strong>porro</strong></span> <span class='ocrx_word' id='word_1_17' title='bbox 1337 1741 1641 1799; x_wconf 77' lang='lat' dir='ltr'><strong>osualdus</strong></span> <span class='ocrx_word' id='word_1_18' title='bbox 1682 1742 2256 1799; x_wconf 76' lang='lat' dir='ltr'><strong>christianissimus</strong></span> 
     </span>
     <span class='ocr_line' id='line_1_5' title="bbox 793 1832 1725 1901; baseline 0.001 -15"><span class='ocrx_word' id='word_1_19' title='bbox 793 1846 908 1888; x_wconf 86' lang='lat' dir='ltr'><strong>rex</strong></span> <span class='ocrx_word' id='word_1_20' title='bbox 943 1832 1275 1901; x_wconf 75' lang='lat' dir='ltr'><strong>utrumque</strong></span> <span class='ocrx_word' id='word_1_21' title='bbox 1313 1832 1725 1888; x_wconf 81' lang='lat' dir='ltr'><strong>restaurauit.</strong></span> 
     </span>
    </p>
   </div>
   <div class='ocr_carea' id='block_1_3' title="bbox 323 1973 2326 2065">
    <p class='ocr_par' dir='ltr' id='par_1_3' title="bbox 323 1973 2326 2065">
     <span class='ocr_line' id='line_1_6' title="bbox 323 1973 2326 2065; baseline 0.001 -25"><span class='ocrx_word' id='word_1_22' title='bbox 323 1973 456 2041; x_wconf 90' lang='lat' dir='ltr'><strong>·At</strong></span> <span class='ocrx_word' id='word_1_23' title='bbox 516 1975 860 2041; x_wconf 84' lang='lat' dir='ltr'><strong>interfecto</strong></span> <span class='ocrx_word' id='word_1_24' title='bbox 920 1976 986 2040; x_wconf 91' lang='lat' dir='ltr'><strong>in</strong></span> <span class='ocrx_word' id='word_1_25' title='bbox 1046 1998 1267 2063; x_wconf 87' lang='lat' dir='ltr'><strong>pugna</strong></span> <span class='ocrx_word' id='word_1_26' title='bbox 1332 1974 1630 2041; x_wconf 89' lang='lat' dir='ltr'><strong>Aeduino</strong></span> <span class='ocrx_word' id='word_1_27' title='bbox 1700 1979 1985 2063; x_wconf 81' lang='lat' dir='ltr'><strong>suscepit</strong></span> <span class='ocrx_word' id='word_1_28' title='bbox 2041 1999 2158 2065; x_wconf 90' lang='lat' dir='ltr'><strong>pro</strong></span> <span class='ocrx_word' id='word_1_29' title='bbox 2216 1976 2326 2042; x_wconf 89' lang='lat' dir='ltr'><strong>illo</strong></span> 
     </span>
    </p>
   </div>
   <div class='ocr_carea' id='block_1_4' title="bbox 181 2064 2429 2153">
    <p class='ocr_par' dir='ltr' id='par_1_4' title="bbox 181 2064 2429 2153">
     <span class='ocr_line' id='line_1_7' title="bbox 181 2064 2429 2153; baseline 0 -22"><span class='ocrx_word' id='word_1_30' title='bbox 181 2088 460 2152; x_wconf 87' lang='lat' dir='ltr'><strong>regnum</strong></span> <span class='ocrx_word' id='word_1_31' title='bbox 489 2064 859 2149; x_wconf 85' lang='lat' dir='ltr'><strong>Deirorum‚</strong></span> <span class='ocrx_word' id='word_1_32' title='bbox 893 2065 974 2130; x_wconf 90' lang='lat' dir='ltr'><strong>de</strong></span> <span class='ocrx_word' id='word_1_33' title='bbox 1007 2087 1134 2151; x_wconf 83' lang='lat' dir='ltr'><strong>qua</strong></span> <span class='ocrx_word' id='word_1_34' title='bbox 1164 2067 1500 2152; x_wconf 88' lang='lat' dir='ltr'><strong>prouincia</strong></span> <span class='ocrx_word' id='word_1_35' title='bbox 1528 2066 1636 2131; x_wconf 88' lang='lat' dir='ltr'><strong>ille</strong></span> <span class='ocrx_word' id='word_1_36' title='bbox 1668 2067 1927 2151; x_wconf 88' lang='lat' dir='ltr'><strong>generis</strong></span> <span class='ocrx_word' id='word_1_37' title='bbox 1958 2068 2327 2153; x_wconf 82' lang='lat' dir='ltr'><strong>prosapiam</strong></span> <span class='ocrx_word' id='word_1_38' title='bbox 2417 2133 2429 2145; x_wconf 70' lang='lat'><em>,</em></span> 
     </span>
    </p>
   </div>
   <div class='ocr_carea' id='block_1_5' title="bbox 174 2152 2328 3934">
    <p class='ocr_par' dir='ltr' id='par_1_5' title="bbox 174 2152 2328 3648">
     <span class='ocr_line' id='line_1_8' title="bbox 181 2152 2328 2243; baseline -0 -22"><span class='ocrx_word' id='word_1_39' title='bbox 181 2165 245 2221; x_wconf 88' lang='lat' dir='ltr'><strong>et</strong></span> <span class='ocrx_word' id='word_1_40' title='bbox 306 2154 666 2242; x_wconf 91' lang='lat' dir='ltr'><strong>primordia</strong></span> <span class='ocrx_word' id='word_1_41' title='bbox 723 2154 913 2240; x_wconf 86' lang='lat' dir='ltr'><strong>regni</strong></span> <span class='ocrx_word' id='word_1_42' title='bbox 975 2153 1319 2233; x_wconf 86' lang='lat' dir='ltr'><strong>habuerat,</strong></span> <span class='ocrx_word' id='word_1_43' title='bbox 1379 2152 1547 2220; x_wconf 88' lang='lat' dir='ltr'><strong>filius</strong></span> <span class='ocrx_word' id='word_1_44' title='bbox 1602 2156 1816 2243; x_wconf 86' lang='lat' dir='ltr'><strong>patrui</strong></span> <span class='ocrx_word' id='word_1_45' title='bbox 1863 2156 1999 2220; x_wconf 91' lang='lat' dir='ltr'><strong>eius</strong></span> <span class='ocrx_word' id='word_1_46' title='bbox 2058 2154 2328 2220; x_wconf 87' lang='lat' dir='ltr'><strong>Aelfrici</strong></span> 
     </span>
     <span class='ocr_line' id='line_1_9' title="bbox 177 2242 2327 2334; baseline 0 -25"><span class='ocrx_word' id='word_1_47' title='bbox 177 2244 496 2310; x_wconf 90' lang='lat' dir='ltr'><strong>uocabulo</strong></span> <span class='ocrx_word' id='word_1_48' title='bbox 539 2243 731 2334; x_wconf 86' lang='lat' dir='ltr'><strong>Osric</strong></span> <span class='ocrx_word' id='word_1_49' title='bbox 746 2293 764 2326; x_wconf 88' lang='lat'>‚</span> <span class='ocrx_word' id='word_1_50' title='bbox 815 2245 926 2330; x_wconf 90' lang='lat' dir='ltr'><strong>qui</strong></span> <span class='ocrx_word' id='word_1_51' title='bbox 969 2244 1055 2310; x_wconf 85' lang='lat' dir='ltr'><strong>ad</strong></span> <span class='ocrx_word' id='word_1_52' title='bbox 1098 2244 1643 2331; x_wconf 81' lang='lat' dir='ltr'><strong>praedicationem</strong></span> <span class='ocrx_word' id='word_1_53' title='bbox 1690 2245 1945 2310; x_wconf 84' lang='lat' dir='ltr'><strong>Paulini</strong></span> <span class='ocrx_word' id='word_1_54' title='bbox 1990 2242 2139 2310; x_wconf 90' lang='lat' dir='ltr'><strong>fidei</strong></span> <span class='ocrx_word' id='word_1_55' title='bbox 2186 2254 2327 2310; x_wconf 86' lang='lat' dir='ltr'><strong>erat</strong></span> 
     </span>
     <span class='ocr_line' id='line_1_10' title="bbox 177 2332 2327 2418; baseline -0.001 -18"><span class='ocrx_word' id='word_1_56' title='bbox 177 2335 602 2400; x_wconf 77' lang='lat' dir='ltr'><strong>sacramentis</strong></span> <span class='ocrx_word' id='word_1_57' title='bbox 662 2332 940 2398; x_wconf 83' lang='lat' dir='ltr'><strong>inbutus.</strong></span> <span class='ocrx_word' id='word_1_58' title='bbox 1035 2333 1240 2398; x_wconf 91' lang='lat' dir='ltr'><strong>Porro</strong></span> <span class='ocrx_word' id='word_1_59' title='bbox 1297 2355 1575 2418; x_wconf 87' lang='lat' dir='ltr'><strong>regnum</strong></span> <span class='ocrx_word' id='word_1_60' title='bbox 1633 2333 2107 2417; x_wconf 87' lang='lat' dir='ltr'><strong>Berniciorum‚</strong></span> <span class='ocrx_word' id='word_1_61' title='bbox 2173 2355 2327 2398; x_wconf 89' lang='lat' dir='ltr'><strong>nam</strong></span> 
     </span>
     <span class='ocr_line' id='line_1_11' title="bbox 174 2421 2325 2510; baseline 0 -22"><span class='ocrx_word' id='word_1_62' title='bbox 174 2427 241 2488; x_wconf 90' lang='lat' dir='ltr'><strong>in</strong></span> <span class='ocrx_word' id='word_1_63' title='bbox 270 2423 392 2490; x_wconf 89' lang='lat' dir='ltr'><strong>has</strong></span> <span class='ocrx_word' id='word_1_64' title='bbox 423 2422 582 2488; x_wconf 91' lang='lat' dir='ltr'><strong>duas</strong></span> <span class='ocrx_word' id='word_1_65' title='bbox 627 2423 992 2510; x_wconf 89' lang='lat' dir='ltr'><strong>prouincias</strong></span> <span class='ocrx_word' id='word_1_66' title='bbox 1040 2445 1200 2508; x_wconf 87' lang='lat' dir='ltr'><strong>gens</strong></span> <span class='ocrx_word' id='word_1_67' title='bbox 1233 2421 1925 2509; x_wconf 85' lang='lat' dir='ltr'><strong>Nordanhymbrorum</strong></span> <span class='ocrx_word' id='word_1_68' title='bbox 1972 2423 2325 2508; x_wconf 86' lang='lat' dir='ltr'><strong>antiquitus</strong></span> 
     </span>
     <span class='ocr_line' id='line_1_12' title="bbox 175 2509 2327 2601; baseline -0.001 -23"><span class='ocrx_word' id='word_1_69' title='bbox 175 2511 386 2578; x_wconf 87' lang='lat' dir='ltr'><strong>diuisa</strong></span> <span class='ocrx_word' id='word_1_70' title='bbox 433 2520 592 2597; x_wconf 87' lang='lat' dir='ltr'><strong>erat,</strong></span> <span class='ocrx_word' id='word_1_71' title='bbox 642 2513 926 2599; x_wconf 85' lang='lat' dir='ltr'><strong>suscepit</strong></span> <span class='ocrx_word' id='word_1_72' title='bbox 970 2509 1138 2577; x_wconf 88' lang='lat' dir='ltr'><strong>filius</strong></span> <span class='ocrx_word' id='word_1_73' title='bbox 1170 2509 1535 2598; x_wconf 83' lang='lat' dir='ltr'><strong>Aedilfridi,</strong></span> <span class='ocrx_word' id='word_1_74' title='bbox 1586 2513 1697 2598; x_wconf 90' lang='lat' dir='ltr'><strong>qui</strong></span> <span class='ocrx_word' id='word_1_75' title='bbox 1729 2512 1808 2577; x_wconf 90' lang='lat' dir='ltr'><strong>de</strong></span> <span class='ocrx_word' id='word_1_76' title='bbox 1839 2512 1949 2578; x_wconf 90' lang='lat' dir='ltr'><strong>illa</strong></span> <span class='ocrx_word' id='word_1_77' title='bbox 1992 2513 2327 2601; x_wconf 90' lang='lat' dir='ltr'><strong>prouincia</strong></span> 
     </span>
     <span class='ocr_line' id='line_1_13' title="bbox 179 2597 2323 2687; baseline -0 -20"><span class='ocrx_word' id='word_1_78' title='bbox 179 2602 441 2687; x_wconf 85' lang='lat' dir='ltr'><strong>generis</strong></span> <span class='ocrx_word' id='word_1_79' title='bbox 489 2610 558 2666; x_wconf 91' lang='lat' dir='ltr'><strong>et</strong></span> <span class='ocrx_word' id='word_1_80' title='bbox 600 2602 788 2686; x_wconf 88' lang='lat' dir='ltr'><strong>regni</strong></span> <span class='ocrx_word' id='word_1_81' title='bbox 833 2601 1148 2686; x_wconf 88' lang='lat' dir='ltr'><strong>originem</strong></span> <span class='ocrx_word' id='word_1_82' title='bbox 1195 2600 1486 2685; x_wconf 88' lang='lat' dir='ltr'><strong>duxerat,</strong></span> <span class='ocrx_word' id='word_1_83' title='bbox 1531 2601 1789 2667; x_wconf 87' lang='lat' dir='ltr'><strong>nomine</strong></span> <span class='ocrx_word' id='word_1_84' title='bbox 1834 2599 2128 2666; x_wconf 84' lang='lat' dir='ltr'><strong>Eanfrid.</strong></span> <span class='ocrx_word' id='word_1_85' title='bbox 2221 2597 2323 2667; x_wconf 86' lang='lat' dir='ltr'><strong>Si·</strong></span> 
     </span>
     <span class='ocr_line' id='line_1_14' title="bbox 178 2689 2327 2778; baseline 0 -22"><span class='ocrx_word' id='word_1_86' title='bbox 178 2690 446 2777; x_wconf 90' lang='lat' dir='ltr'><strong>quidem</strong></span> <span class='ocrx_word' id='word_1_87' title='bbox 492 2699 787 2775; x_wconf 88' lang='lat' dir='ltr'><strong>tempore</strong></span> <span class='ocrx_word' id='word_1_88' title='bbox 833 2698 990 2774; x_wconf 88' lang='lat' dir='ltr'><strong>tot0,</strong></span> <span class='ocrx_word' id='word_1_89' title='bbox 1039 2711 1165 2775; x_wconf 91' lang='lat' dir='ltr'><strong>quo</strong></span> <span class='ocrx_word' id='word_1_90' title='bbox 1213 2692 1513 2775; x_wconf 87' lang='lat' dir='ltr'><strong>regnauit</strong></span> <span class='ocrx_word' id='word_1_91' title='bbox 1542 2689 1841 2772; x_wconf 85' lang='lat' dir='ltr'><strong>Aeduini‚</strong></span> <span class='ocrx_word' id='word_1_92' title='bbox 1888 2690 2005 2755; x_wconf 91' lang='lat' dir='ltr'><strong>filii</strong></span> <span class='ocrx_word' id='word_1_93' title='bbox 2050 2691 2327 2778; x_wconf 84' lang='lat' dir='ltr'><strong>praefati</strong></span> 
     </span>
     <span class='ocr_line' id='line_1_15' title="bbox 176 2777 2327 2866; baseline 0 -22"><span class='ocrx_word' id='word_1_94' title='bbox 176 2781 355 2866; x_wconf 83' lang='lat' dir='ltr'><strong>regis</strong></span> <span class='ocrx_word' id='word_1_95' title='bbox 403 2777 776 2863; x_wconf 87' lang='lat' dir='ltr'><strong>Aedilfridi‚</strong></span> <span class='ocrx_word' id='word_1_96' title='bbox 826 2780 937 2865; x_wconf 93' lang='lat' dir='ltr'><strong>qui</strong></span> <span class='ocrx_word' id='word_1_97' title='bbox 980 2788 1131 2844; x_wconf 89' lang='lat' dir='ltr'><strong>ante</strong></span> <span class='ocrx_word' id='word_1_98' title='bbox 1176 2779 1363 2844; x_wconf 89' lang='lat' dir='ltr'><strong>illum</strong></span> <span class='ocrx_word' id='word_1_99' title='bbox 1408 2789 1828 2865; x_wconf 86' lang='lat' dir='ltr'><strong>regnauerat,</strong></span> <span class='ocrx_word' id='word_1_100' title='bbox 1894 2803 2038 2845; x_wconf 91' lang='lat' dir='ltr'><strong>cum</strong></span> <span class='ocrx_word' id='word_1_101' title='bbox 2086 2802 2327 2866; x_wconf 84' lang='lat' dir='ltr'><strong>magna</strong></span> 
     </span>
     <span class='ocr_line' id='line_1_16' title="bbox 177 2865 2327 2935; baseline 0 0"><span class='ocrx_word' id='word_1_102' title='bbox 177 2869 498 2935; x_wconf 89' lang='lat' dir='ltr'><strong>nobilium</strong></span> <span class='ocrx_word' id='word_1_103' title='bbox 555 2871 889 2933; x_wconf 88' lang='lat' dir='ltr'><strong>iuuentute</strong></span> <span class='ocrx_word' id='word_1_104' title='bbox 949 2889 989 2932; x_wconf 90' lang='lat' dir='ltr'><strong>a</strong></span> <span class='ocrx_word' id='word_1_105' title='bbox 1034 2865 1120 2932; x_wconf 91' lang='lat' dir='ltr'><strong>ud</strong></span> <span class='ocrx_word' id='word_1_106' title='bbox 1180 2865 1440 2933; x_wconf 84' lang='lat' dir='ltr'><strong>Scottos</strong></span> <span class='ocrx_word' id='word_1_107' title='bbox 1496 2870 1634 2935; x_wconf 87' lang='lat' dir='ltr'><strong>siue</strong></span> <span class='ocrx_word' id='word_1_108' title='bbox 1691 2868 1911 2933; x_wconf 86' lang='lat' dir='ltr'><strong>Pictos</strong></span> <span class='ocrx_word' id='word_1_109' title='bbox 1976 2870 2327 2935; x_wconf 84' lang='lat' dir='ltr'><strong>exulabant</strong></span> 
     </span>
     <span class='ocr_line' id='line_1_17' title="bbox 176 2955 2323 3046; baseline 0 -24"><span class='ocrx_word' id='word_1_110' title='bbox 176 2959 402 3045; x_wconf 89' lang='lat' dir='ltr'><strong>ibique</strong></span> <span class='ocrx_word' id='word_1_111' title='bbox 448 2956 532 3022; x_wconf 87' lang='lat' dir='ltr'><strong>ad</strong></span> <span class='ocrx_word' id='word_1_112' title='bbox 579 2955 939 3022; x_wconf 86' lang='lat' dir='ltr'><strong>doctrinam</strong></span> <span class='ocrx_word' id='word_1_113' title='bbox 1022 2964 1341 3022; x_wconf 89' lang='lat' dir='ltr'><strong>cottorum</strong></span> <span class='ocrx_word' id='word_1_114' title='bbox 1387 2956 1770 3022; x_wconf 86' lang='lat' dir='ltr'><strong>cathecizati</strong></span> <span class='ocrx_word' id='word_1_115' title='bbox 1810 2967 1875 3024; x_wconf 86' lang='lat' dir='ltr'><strong>et</strong></span> <span class='ocrx_word' id='word_1_116' title='bbox 1916 2959 2323 3046; x_wconf 86' lang='lat' dir='ltr'><strong>baptismatis</strong></span> 
     </span>
     <span class='ocr_line' id='line_1_18' title="bbox 175 3042 2322 3133; baseline 0 -23"><span class='ocrx_word' id='word_1_117' title='bbox 175 3057 327 3113; x_wconf 88' lang='lat' dir='ltr'><strong>sunt</strong></span> <span class='ocrx_word' id='word_1_118' title='bbox 373 3048 590 3132; x_wconf 84' lang='lat' dir='ltr'><strong>gratia</strong></span> <span class='ocrx_word' id='word_1_119' title='bbox 633 3047 927 3113; x_wconf 86' lang='lat' dir='ltr'><strong>recreati.</strong></span> <span class='ocrx_word' id='word_1_120' title='bbox 991 3042 1120 3122; x_wconf 82' lang='lat' dir='ltr'><strong>Qui</strong></span> <span class='ocrx_word' id='word_1_121' title='bbox 1149 3055 1221 3110; x_wconf 91' lang='lat' dir='ltr'><strong>ut</strong></span> <span class='ocrx_word' id='word_1_122' title='bbox 1250 3056 1505 3111; x_wconf 88' lang='lat' dir='ltr'><strong>mortuo</strong></span> <span class='ocrx_word' id='word_1_123' title='bbox 1536 3068 1695 3131; x_wconf 84' lang='lat' dir='ltr'><strong>rege</strong></span> <span class='ocrx_word' id='word_1_124' title='bbox 1740 3047 1998 3112; x_wconf 90' lang='lat' dir='ltr'><strong>inimico</strong></span> <span class='ocrx_word' id='word_1_125' title='bbox 2044 3049 2322 3133; x_wconf 86' lang='lat' dir='ltr'><strong>patriam</strong></span> 
     </span>
     <span class='ocr_line' id='line_1_19' title="bbox 177 3133 2324 3223; baseline 0 -25"><span class='ocrx_word' id='word_1_126' title='bbox 177 3145 328 3202; x_wconf 88' lang='lat' dir='ltr'><strong>sunt</strong></span> <span class='ocrx_word' id='word_1_127' title='bbox 375 3134 590 3200; x_wconf 88' lang='lat' dir='ltr'><strong>redire</strong></span> <span class='ocrx_word' id='word_1_128' title='bbox 635 3135 963 3220; x_wconf 89' lang='lat' dir='ltr'><strong>permissi,</strong></span> <span class='ocrx_word' id='word_1_129' title='bbox 1023 3137 1272 3222; x_wconf 84' lang='lat' dir='ltr'><strong>accepit</strong></span> <span class='ocrx_word' id='word_1_130' title='bbox 1316 3137 1563 3223; x_wconf 89' lang='lat' dir='ltr'><strong>primus</strong></span> <span class='ocrx_word' id='word_1_131' title='bbox 1611 3156 1859 3220; x_wconf 88' lang='lat' dir='ltr'><strong>eorum,</strong></span> <span class='ocrx_word' id='word_1_132' title='bbox 1922 3157 2117 3222; x_wconf 91' lang='lat' dir='ltr'><strong>quem</strong></span> <span class='ocrx_word' id='word_1_133' title='bbox 2164 3133 2324 3199; x_wconf 88' lang='lat' dir='ltr'><strong>dixi-</strong></span> 
     </span>
     <span class='ocr_line' id='line_1_20' title="bbox 176 3223 2323 3316; baseline -0.001 -26"><span class='ocrx_word' id='word_1_134' title='bbox 176 3248 343 3311; x_wconf 86' lang='lat' dir='ltr'><strong>mus,</strong></span> <span class='ocrx_word' id='word_1_135' title='bbox 394 3223 670 3289; x_wconf 85' lang='lat' dir='ltr'><strong>Eanfrid</strong></span> <span class='ocrx_word' id='word_1_136' title='bbox 713 3244 986 3308; x_wconf 85' lang='lat' dir='ltr'><strong>regnum</strong></span> <span class='ocrx_word' id='word_1_137' title='bbox 1033 3223 1501 3316; x_wconf 78' lang='lat' dir='ltr'><strong>Berniciorum.</strong></span> <span class='ocrx_word' id='word_1_138' title='bbox 1596 3223 1725 3303; x_wconf 82' lang='lat' dir='ltr'><strong>Qui</strong></span> <span class='ocrx_word' id='word_1_139' title='bbox 1770 3233 2042 3309; x_wconf 86' lang='lat' dir='ltr'><strong>uterque</strong></span> <span class='ocrx_word' id='word_1_140' title='bbox 2088 3246 2206 3288; x_wconf 86' lang='lat' dir='ltr'><strong>rex</strong></span> <span class='ocrx_word' id='word_1_141' title='bbox 2249 3233 2323 3288; x_wconf 93' lang='lat' dir='ltr'><strong>ut</strong></span> 
     </span>
     <span class='ocr_line' id='line_1_21' title="bbox 176 3313 2324 3397; baseline 0 -20"><span class='ocrx_word' id='word_1_142' title='bbox 176 3315 426 3380; x_wconf 87' lang='lat' dir='ltr'><strong>terreni</strong></span> <span class='ocrx_word' id='word_1_143' title='bbox 470 3314 658 3397; x_wconf 86' lang='lat' dir='ltr'><strong>regni</strong></span> <span class='ocrx_word' id='word_1_144' title='bbox 702 3313 932 3377; x_wconf 88' lang='lat' dir='ltr'><strong>infulas</strong></span> <span class='ocrx_word' id='word_1_145' title='bbox 979 3314 1243 3379; x_wconf 88' lang='lat' dir='ltr'><strong>sortitus</strong></span> <span class='ocrx_word' id='word_1_146' title='bbox 1291 3323 1415 3396; x_wconf 87' lang='lat' dir='ltr'><strong>est,</strong></span> <span class='ocrx_word' id='word_1_147' title='bbox 1478 3321 1884 3378; x_wconf 83' lang='lat' dir='ltr'><strong>sacramenta</strong></span> <span class='ocrx_word' id='word_1_148' title='bbox 1938 3314 2126 3395; x_wconf 88' lang='lat' dir='ltr'><strong>regni</strong></span> <span class='ocrx_word' id='word_1_149' title='bbox 2181 3335 2324 3378; x_wconf 91' lang='lat' dir='ltr'><strong>cae-</strong></span> 
     </span>
     <span class='ocr_line' id='line_1_22' title="bbox 176 3399 2323 3488; baseline 0 -22"><span class='ocrx_word' id='word_1_150' title='bbox 176 3403 379 3486; x_wconf 85' lang='lat' dir='ltr'><strong>lestis,</strong></span> <span class='ocrx_word' id='word_1_151' title='bbox 429 3402 662 3488; x_wconf 90' lang='lat' dir='ltr'><strong>quibus</strong></span> <span class='ocrx_word' id='word_1_152' title='bbox 706 3403 996 3467; x_wconf 87' lang='lat' dir='ltr'><strong>initiatus</strong></span> <span class='ocrx_word' id='word_1_153' title='bbox 1038 3412 1195 3487; x_wconf 81' lang='lat' dir='ltr'><strong>erat,</strong></span> <span class='ocrx_word' id='word_1_154' title='bbox 1245 3400 1846 3467; x_wconf 84' lang='lat' dir='ltr'><strong>anathematizando</strong></span> <span class='ocrx_word' id='word_1_155' title='bbox 1891 3399 2195 3487; x_wconf 88' lang='lat' dir='ltr'><strong>prodidit,</strong></span> <span class='ocrx_word' id='word_1_156' title='bbox 2244 3424 2323 3468; x_wconf 90' lang='lat' dir='ltr'><strong>ac</strong></span> 
     </span>
     <span class='ocr_line' id='line_1_23' title="bbox 180 3487 2321 3580; baseline 0.002 -27"><span class='ocrx_word' id='word_1_157' title='bbox 180 3513 249 3556; x_wconf 88' lang='lat' dir='ltr'><strong>se</strong></span> <span class='ocrx_word' id='word_1_158' title='bbox 295 3492 528 3580; x_wconf 88' lang='lat' dir='ltr'><strong>priscis</strong></span> <span class='ocrx_word' id='word_1_159' title='bbox 582 3489 918 3557; x_wconf 86' lang='lat' dir='ltr'><strong>idolatriae</strong></span> <span class='ocrx_word' id='word_1_160' title='bbox 973 3491 1267 3556; x_wconf 89' lang='lat' dir='ltr'><strong>sordibus</strong></span> <span class='ocrx_word' id='word_1_161' title='bbox 1323 3488 1740 3578; x_wconf 89' lang='lat' dir='ltr'><strong>polluendum</strong></span> <span class='ocrx_word' id='word_1_162' title='bbox 1794 3487 2321 3576; x_wconf 89' lang='lat' dir='ltr'><strong>perdendumque</strong></span> 
     </span>
     <span class='ocr_line' id='line_1_24' title="bbox 181 3583 484 3648; baseline 0.017 -5"><span class='ocrx_word' id='word_1_163' title='bbox 181 3583 484 3648; x_wconf 86' lang='lat' dir='ltr'><strong>restituit.</strong></span> 
     </span>
    </p>

    <p class='ocr_par' dir='ltr' id='par_1_6' title="bbox 179 3665 2322 3934">
     <span class='ocr_line' id='line_1_25' title="bbox 359 3665 2322 3757; baseline 0 -23"><span class='ocrx_word' id='word_1_164' title='bbox 359 3669 504 3734; x_wconf 89' lang='lat' dir='ltr'><strong>Nec</strong></span> <span class='ocrx_word' id='word_1_165' title='bbox 551 3689 751 3753; x_wconf 87' lang='lat' dir='ltr'><strong>mora,</strong></span> <span class='ocrx_word' id='word_1_166' title='bbox 797 3678 1140 3756; x_wconf 85' lang='lat' dir='ltr'><strong>utrumque</strong></span> <span class='ocrx_word' id='word_1_167' title='bbox 1171 3691 1288 3734; x_wconf 85' lang='lat' dir='ltr'><strong>rex</strong></span> <span class='ocrx_word' id='word_1_168' title='bbox 1319 3668 1708 3734; x_wconf 89' lang='lat' dir='ltr'><strong>Brettonum</strong></span> <span class='ocrx_word' id='word_1_169' title='bbox 1742 3665 2090 3733; x_wconf 83' lang='lat' dir='ltr'><strong>Ceadualla</strong></span> <span class='ocrx_word' id='word_1_170' title='bbox 2120 3670 2322 3757; x_wconf 91' lang='lat' dir='ltr'><strong>impia</strong></span> 
     </span>
     <span class='ocr_line' id='line_1_26' title="bbox 185 3755 2321 3845; baseline 0 -23"><span class='ocrx_word' id='word_1_171' title='bbox 185 3779 396 3838; x_wconf 87' lang='lat' dir='ltr'><strong>manu,</strong></span> <span class='ocrx_word' id='word_1_172' title='bbox 446 3755 564 3821; x_wconf 90' lang='lat' dir='ltr'><strong>sed</strong></span> <span class='ocrx_word' id='word_1_173' title='bbox 609 3757 776 3822; x_wconf 86' lang='lat' dir='ltr'><strong>iusta</strong></span> <span class='ocrx_word' id='word_1_174' title='bbox 821 3758 1062 3824; x_wconf 87' lang='lat' dir='ltr'><strong>ultione</strong></span> <span class='ocrx_word' id='word_1_175' title='bbox 1109 3760 1407 3845; x_wconf 89' lang='lat' dir='ltr'><strong>peremit.</strong></span> <span class='ocrx_word' id='word_1_176' title='bbox 1490 3756 1571 3820; x_wconf 86' lang='lat' dir='ltr'><strong>Et</strong></span> <span class='ocrx_word' id='word_1_177' title='bbox 1618 3758 1826 3844; x_wconf 92' lang='lat' dir='ltr'><strong>primo</strong></span> <span class='ocrx_word' id='word_1_178' title='bbox 1873 3755 2132 3844; x_wconf 88' lang='lat' dir='ltr'><strong>quidem</strong></span> <span class='ocrx_word' id='word_1_179' title='bbox 2177 3780 2321 3845; x_wconf 91' lang='lat' dir='ltr'><strong>pro·</strong></span> 
     </span>
     <span class='ocr_line' id='line_1_27' title="bbox 179 3843 2319 3934; baseline 0 -24"><span class='ocrx_word' id='word_1_180' title='bbox 179 3849 356 3914; x_wconf 85' lang='lat' dir='ltr'><strong>xima</strong></span> <span class='ocrx_word' id='word_1_181' title='bbox 402 3853 654 3912; x_wconf 84' lang='lat' dir='ltr'><strong>aestate</strong></span> <span class='ocrx_word' id='word_1_182' title='bbox 687 3843 1007 3930; x_wconf 78' lang='lat' dir='ltr'><strong>osricum,</strong></span> <span class='ocrx_word' id='word_1_183' title='bbox 1057 3847 1210 3912; x_wconf 91' lang='lat' dir='ltr'><strong>dum</strong></span> <span class='ocrx_word' id='word_1_184' title='bbox 1241 3870 1310 3913; x_wconf 88' lang='lat' dir='ltr'><strong>se</strong></span> <span class='ocrx_word' id='word_1_185' title='bbox 1341 3848 1409 3911; x_wconf 91' lang='lat' dir='ltr'><strong>in</strong></span> <span class='ocrx_word' id='word_1_186' title='bbox 1446 3846 1679 3933; x_wconf 91' lang='lat' dir='ltr'><strong>oppido</strong></span> <span class='ocrx_word' id='word_1_187' title='bbox 1726 3848 2073 3934; x_wconf 91' lang='lat' dir='ltr'><strong>municipio</strong></span> <span class='ocrx_word' id='word_1_188' title='bbox 2121 3857 2319 3913; x_wconf 88' lang='lat' dir='ltr'><strong>teme-</strong></span> 
     </span>
    </p>
   </div>
  </div>
 </body>
</html>
