2723 4326
456 234 537 298 16
1980 280 1988 288 .
2339 240 2382 291 1.
2421 237 2591 294 8—9„

451 433 527 474 ac
574 409 840 476 desertis
887 412 1203 476 abditisue
1251 413 1567 499 speluncis
1600 415 1985 499 occulerant,
2031 425 2345 480 renouant
2378 417 2579 480 eccle-

451 503 576 564 sias
625 499 704 564 ad
751 502 953 566 solum
1001 524 1200 588 usque
1232 501 1611 587 destructas,
1658 503 1953 568 basilicas
2001 514 2365 570 sanctorum
2411 527 2577 569 mar-

449 600 667 674 tyrum
713 590 1009 677 fundant,
1059 600 1463 674 construunt,
1519 591 1858 678 perficiunt
1912 615 1988 658 ac
2041 595 2241 658 ueluti
2288 595 2595 659 uictricia.

451 681 636 764 signa
667 681 905 766 passim
935 681 1292 768 propalant,
1328 679 1463 745 dies
1495 680 1691 746 festos
1724 681 2070 767 celebrant,
2120 705 2306 748 sacra
2335 683 2578 747 mundo

450 768 642 833 corde
689 778 882 854 atque
928 791 1037 835 ore
1083 769 1443 834 conficiunt.
1534 769 1903 856 Mansitque
1962 771 2123 836 haec
2182 773 2244 835 in
2293 772 2587 837 ecclesiis>

452 856 722 942 Christi,
773 879 938 944 quae
985 868 1169 923 erant
1213 861 1278 922 in
1323 859 1673 943 Brittania,
1734 881 1864 946 pax
1908 882 2110 946 usque
2158 860 2239 925 ad
2284 871 2597 947 tempora-

452 946 767 1012 Arrianae
823 949 1150 1031 uesaniae,
1216 968 1381 1033 quae
1430 957 1729 1035 corrupto
1776 948 1931 1013 orbe
1977 959 2113 1014 toto
2168 949 2333 1014 hanc
2379 954 2575 1015 etiam

450 1037 722 1100 insulam
767 1046 952 1101 extra
999 1037 1219 1101 orbem
1263 1046 1399 1100 tam
1445 1037 1636 1121 longe
1682 1046 1997 1102 remotam
2043 1061 2291 1104 ueneno
2340 1041 2439 1104 sui
2485 1041 2580 1103 111·

452 1125 604 1190 fecit
650 1128 912 1190 erroris:
962 1135 1024 1190 et
1069 1124 1190 1190 hac
1237 1127 1421 1211 quasi
1450 1127 1557 1190 uia
1589 1127 1995 1212 pestilentiae
2027 1137 2205 1192 trans
2238 1127 2581 1195 Oceanum

451 1215 804 1300 patefacta,
858 1237 987 1278 non
1040 1236 1249 1294 mora,
1307 1217 1511 1278 omnis
1568 1238 1637 1280 se
1683 1214 1818 1280 lues
1863 1216 2199 1304 haereseos
2248 1219 2578 1303 cuiusque,

449 1304 694 1368 insulae
740 1305 889 1367 noui
937 1326 1190 1390 semper
1235 1302 1477 1390 aliquid
1522 1304 1742 1369 audire
1788 1305 2096 1390 gaudenti
2129 1316 2193 1372 et
2224 1305 2383 1370 nihil
2414 1309 2579 1371 certi

451 1391 722 1456 firmiter
768 1392 1079 1456 obtinenti
1123 1393 1376 1457 infudit.

629 1479 752 1544 His
798 1482 1193 1567 temporibus
1227 1478 1659 1566 Constantius,
1710 1485 1819 1569 qui
1865 1484 2123 1548 uiuente
2168 1484 2577 1550 Diocletiano

453 1568 733 1636 Galliam
796 1569 1306 1657 Hispaniamque
1373 1571 1681 1656 regebat,
1752 1573 1853 1636 uir
1922 1594 2211 1638 summae
2278 1595 2577 1638 mansue-

450 1658 688 1724 tudinis
763 1667 828 1723 et
897 1658 1220 1724 ciuilitatis
1288 1662 1354 1724 in
1424 1659 1743 1725 Brittania
1817 1672 2091 1727 mortem
2164 1662 2343 1731 obiit.
2446 1663 2594 1727 Hic·

452 1745 938 1813 Constantinum
995 1748 1196 1812 filium
1264 1771 1346 1814 ex
1411 1749 1761 1814 concubina
1820 1749 2072 1816 Helena
2130 1760 2413 1816 creatum
2463 1753 2582 1816 im·

451 1847 814 1923 peratorem
863 1835 1220 1902 Galliarum
1277 1838 1556 1925 reliquit.
1653 1837 1895 1904 Scribit
1940 1850 2156 1905 autem
2202 1840 2576 1927 Eutropius,

453 1925 619 2011 quod
653 1924 1108 1992 Constantinus
1138 1929 1205 1991 in
1235 1925 1556 1992 Brittania
1596 1937 1848 1993 creatus
1893 1931 2245 2016 imperator
2291 1933 2465 2016 patri
2511 1933 2577 1994 in

369 2033 374 2038 ·
452 2037 724 2100 regnum
759 2017 1166 2082 successerit:
1202 2018 1379 2081 cuius
1410 2017 1807 2104 temporibus
1840 2016 2118 2083 Arriana
2149 2018 2435 2084 haeresis
2470 2042 2575 2083 ex-

451 2114 592 2169 orta
636 2114 699 2170 et
746 2106 810 2169 in
842 2103 1134 2170 Nicaena
1179 2103 1420 2189 synodo
1469 2104 1723 2171 detecta
1770 2116 1963 2194 atque
2004 2107 2307 2173 damnata
2350 2108 2590 2173 nihilo--

449 2195 656 2258 minus
705 2194 1028 2259 exitiabile
1091 2194 1400 2281 perfidiae
1466 2218 1618 2260 suae
1680 2198 1886 2281 uirus,
1948 2207 2020 2261 111
2074 2196 2381 2282 diximus,
2444 2220 2577 2263 non

451 2284 654 2348 solum
701 2284 872 2348 orbis
917 2286 1140 2367 totiuS,
1189 2284 1299 2348 sed
1345 2295 1411 2348 et
1455 2285 1807 2350 insularum
1855 2286 2138 2351 ecclesiis
2186 2289 2485 2373 aspersit.

1403 2479 1540 2545 ‘9.

449 2617 527 2674 Vt
563 2620 864 2687 regnante
893 2617 1189 2677 Gratiano
1227 2620 1527 2675 MaxImus
1567 2622 1633 2677 111
1670 2622 1990 2677 Brittania
2029 2622 2375 2692 imperator
2403 2638 2577 2679 crea-

765 2691 868 2746 tus
908 2706 1041 2746 cum
1079 2705 1296 2759 magno
1336 2692 1618 2748 exercitu
1658 2691 1922 2749 Galliam
1959 2693 2251 2749 redierit.
2318 2684 2340 2707 “

627 2815 815 2880 Α11110
873 2818 953 2881 ab
1013 2820 1451 2883 incarnatione
1498 2818 1736 2883 domini
1786 2816 2357 2885 COO⁰LXX⁰V[1·
2404 2819 2569 2887 Gra-

449 2906 656 2968 tianus
703 2905 1233 2991 quadragesimus
1280 2908 1363 2971 ab
1411 2908 1705 2993 Augusto
1764 2917 1909 2995 post
1955 2919 2231 2973 mortem
2277 2909 2578 2974 Valentis

449 3016 559 3057 sex
606 2996 785 3058 annis
832 2996 1170 3081 imperium
1202 2998 1429 3078 tenuit,
1478 2998 1769 3081 quamuis
1801 2996 2173 3063 iamdudum
2204 3008 2394 3063 antea
2426 3023 2586 3063 cum·

447 3092 675 3168 patruo
709 3082 982 3148 Valente
1031 3093 1095 3148 et
1127 3106 1270 3149 cum
1303 3083 1757 3150 Valentiniano
1803 3087 2003 3151 fratre
2048 3096 2369 3173 regnaret.
2443 3087 2573 3167 Qui

448 3194 593 3236 cum
655 3170 966 3237 afflictum
1014 3182 1078 3237 et
1123 3196 1288 3259 pene
1334 3173 1704 3260 conlapsum
1752 3176 2145 3263 reipublicae
2192 3186 2430 3241 statum
2478 3179 2569 3240 ui-

448 3258 656 3346 deret,
710 3260 1142 3326 Theodosium
1187 3260 1549 3348 Hispanum
1606 3264 1816 3328 uirum
1875 3264 2309 3331 restituendae
2355 3266 2565 3353 reipu-

447 3350 652 3414 blicae
697 3353 1077 3415 necessitate
1113 3351 1283 3438 apud
1314 3350 1646 3438 Syrmium
1694 3375 1979 3439 purpura
2009 3354 2215 3419 induit
2248 3353 2566 3422 Orientis-

449 3460 572 3523 que
605 3447 668 3502 et
703 3438 1018 3504 Thraciae
1051 3440 1238 3503 simul
1278 3442 1591 3527 praefecit
1629 3443 1915 3528 imperi0.
1996 3441 2140 3520 Qua
2179 3452 2569 3530 tempestate

447 3524 800 3609 Maximus,
849 3531 950 3592 uir
995 3526 1254 3614 quidem
1300 3538 1596 3595 strenuus
1641 3542 1707 3595 et
1752 3532 1989 3617 probus
2036 3542 2227 3617 atque
2275 3532 2575 3617 Augusto.

448 3614 707 3700 dignus3
774 3620 896 3681 nisi
951 3628 1173 3682 contra
1250 3622 1638 3685 sacramenti
1709 3617 1902 3685 fidem
1969 3643 2086 3707 per
2161 3619 2580 3706 tyrannidem..

448 3707 841 3789 emersisset,
890 3707 956 3770 in
1006 3705 1326 3771 Brittania
1372 3710 1611 3774 inuitus
1659 3710 2122 3795 propemodum
2165 3711 2246 3775 ab
2282 3711 2571 3775 exercitu

447 3795 796 3879 imperator
862 3804 1113 3860 creatus
1177 3798 1241 3860 in
1313 3794 1594 3862 Galliam
1658 3800 1927 3863 transiit.
2012 3799 2115 3863 Ibi
2181 3797 2567 3865 Gratianum

449 3880 813 3967 Augustum
861 3884 1069 3949 subita
1113 3886 1473 3950 incursione
1520 3889 1931 3973 perterritum
1979 3896 2172 3973 atque
2211 3889 2278 3952 in
2310 3888 2578 3953 Italiam‘
