2723 4326
390 172 517 237 128
1918 205 1927 209 -
2158 165 2255 218 111.
2297 166 2525 220 15—16.

388 349 540 415 licet
583 344 867 411 Aeduini
911 346 1086 431 regis
1130 342 1537 428 Eanfledam,
1600 366 1765 431 quae
1824 346 2069 409 occisso
2127 352 2314 429 patre
2370 341 2529 407 illuc

391 438 605 502 fuerat
665 433 970 499 adducta:
1033 436 1144 521 qui
1206 436 1499 499 terrestri
1545 434 1805 520 quidem
1849 436 2081 498 itinere
2124 432 2232 497 illo
2280 433 2525 514 uenire,

391 523 506 591 sed
549 526 810 609 nauigio
871 546 1018 589 cum
1075 524 1331 609 uirgine
1388 521 1598 588 redire
1656 522 2063 608 disponebat,
2123 520 2393 586 accessit
2438 520 2529 585 ad

395 616 772 701 episcopum
818 611 1163 697 Aidanum,
1225 612 1569 678 obsecrans
1616 634 1764 677 eum
1810 634 1927 697 pro
1975 634 2044 675 se
2090 612 2367 696 suisque,
2413 612 2528 695 qui

325 748 331 754 -
391 712 644 769 tantum
709 704 832 767 iter
892 710 1074 766 erant
1133 702 1532 785 adgressuri,
1598 700 1855 765 domino
1920 700 2303 787 supplicare.
2394 696 2527 777 Qui

389 792 777 861 benedicens
845 790 988 855 illos
1052 814 1130 856 ac
1194 790 1451 875 domino
1521 788 1975 855 commendans
1992 840 2010 873 ,
2082 787 2260 853 dedit
2327 787 2527 853 etiam

392 882 602 947 oleum
671 879 1166 947 sanctificatum:
1237 878 1452 965 ‘Scio,'
1520 879 1813 965 inquiens
1870 878 2041 965 ‘quia
2050 929 2069 963 ,
2132 878 2243 942 ubi
2288 897 2527 944 nauem

393 968 830 1051 ascenderitis,
879 978 1232 1056 tempestas
1277 970 1465 1034 uobis
1513 978 1578 1033 et
1624 976 1855 1033 uentus
1902 968 2258 1033 contrarius
2304 987 2525 1051 super·

393 1062 636 1125 ueniet:
705 1056 818 1123 sed
861 1068 936 1122 tu
981 1066 1335 1141 memento,
1392 1066 1475 1123 -ut
1532 1057 1655 1121 hoc
1717 1058 1958 1140 oleum,
2024 1055 2192 1142 quod
2251 1055 2373 1120 tibi
2419 1052 2525 1133 do,

393 1151 612 1213 mittas
657 1149 726 1211 in
769 1170 974 1230 mare3
1029 1157 1093 1211 et
1138 1148 1356 1211 statim
1405 1146 1878 1232 quiescentibus
1924 1147 2162 1230 uentis,
2213 1145 2526 1208 serenitas

394 1240 592 1304 maris
650 1258 768 1301 uos
830 1237 998 1301 laeta
1055 1245 1505 1323 prosequetur,
1566 1258 1642 1299 ao
1698 1236 1912 1321 cupito
1968 1235 2201 1299 itinere
2261 1232 2526 1299 domum

395 1324 726 1392 remittet!
820 1321 1002 1402 Quae
1048 1333 1308 1408 cuncta,
1369 1334 1441 1389 ut
1486 1324 1898 1411 praedixerat
1942 1326 2239 1407 antistes,
2296 1344 2380 1387 ex
2424 1344 2527 1385 or-

397 1416 545 1481 dine
592 1414 908 1500 completa
954 1424 1128 1479 sunt:
1179 1423 1243 1478 et
1291 1414 1551 1499 quidem
1597 1414 1889 1500 inprimis
1936 1412 2291 1479 furentibus
2336 1409 2526 1475 undis

395 1504 635 1591 pelagi,
682 1503 1043 1569 temtabant
1087 1513 1320 1569 nautae
1368 1502 1659 1567 anchoris
1704 1504 1773 1567 in
1808 1524 1989 1567 mare
2034 1503 2245 1567 missis
2290 1520 2527 1565 nauem

395 1594 694 1678 retinere,
742 1614 950 1678 neque
981 1592 1104 1657 hoc
1128 1600 1396 1677 agentes
1441 1590 1687 1677 aliquid
1729 1589 2171 1678 proficiebant.
2230 1588 2527 1674 Cumque

397 1682 799 1747 uerrentibus
830 1678 1111 1767 undique
1143 1692 1210 1746 et
1239 1681 1511 1767 implere
1557 1680 2007 1767 incipientibus
2052 1701 2285 1743 nauem
2318 1676 2526 1741 flucti-

396 1772 544 1855 bus,
605 1780 879 1835 mortem
941 1771 1067 1835 sibi
1125 1792 1345 1835 omnes
1400 1770 1712 1835 inminere
1758 1780 1823 1833 et
1866 1770 2254 1853 iamiamque
2298 1764 2529 1833 adesse

397 1860 716 1943 uiderent,
777 1857 1036 1925 tandem
1096 1859 1441 1946 presbyter
1494 1859 1911 1924 reminiscens
1955 1858 2158 1923 uerba
2202 1856 2527 1940 antistitis,

397 1948 694 2014 adsumta
737 1948 1020 2035 ampulla
1064 1950 1238 2013 misit
1287 1946 1367 2013 de
1414 1949 1556 2013 oleo
1601 1948 1669 2011 in
1714 1956 2000 2034 pontum,
2048 1957 2113 2011 et
2166 1946 2404 2027 statim,
2451 1954 2527 2008 ut

397 2036 801 2125 praedictum
846 2047 1009 2123 erat,
1077 2060 1189 2102 suo
1239 2038 1485 2122 quieuit
1538 2060 1577 2101 a
1622 2036 1892 2101 feruore.
1986 2034 2221 2120 Sicque
2279 2034 2527 2098 factum

399 2136 525 2212 est,
586 2136 658 2192 ut
717 2128 817 2192 uir
863 2125 967 2192 dei
1013 2135 1078 2192 et
1123 2149 1239 2214 per
1287 2126 1662 2214 prophetiae
1720 2128 2015 2214 spiritum
2075 2134 2527 2210 tempestatem

394 2217 789 2304 praedixerit
850 2216 1133 2280 futuram
1148 2267 1166 2301 ,
1232 2225 1298 2280 et
1361 2239 1479 2303 per
1540 2217 1849 2280 uirtutem
1913 2214 2196 2279 eiusdem
2260 2214 2525 2299 spiritus

396 2305 562 2372 hane
629 2315 954 2389 exortam,
1023 2307 1316 2391 quamuis
1382 2306 1798 2391 corporaliter
1865 2305 2129 2386 absens,
2194 2303 2521 2389 sopiuerit.

398 2392 596 2459 Cuius
641 2393 930 2459 ordinem
979 2394 1270 2459 miraculi
1312 2416 1441 2459 non
1490 2394 1757 2480 quilibet
1803 2392 2031 2458 dubius
2076 2392 2342 2475 relator,
2408 2389 2525 2456 sed

395 2483 804 2549 fidelissimus
850 2483 1010 2547 mihi
1051 2493 1309 2548 nostrae
1371 2484 1681 2548 ecclesiae
1725 2483 2095 2570 presbyter,
2157 2478 2525 2566 Cynimund

396 2573 741 2658 uocabulo,
809 2573 1127 2656 narrauit,
1200 2574 1308 2658 qui
1354 2594 1423 2636 se
1467 2571 1589 2636 hoc
1635 2571 1721 2636 ab
1765 2573 1903 2658 ipso
1951 2571 2105 2636 Vtta
2148 2570 2523 2656 prebyterO,

395 2663 463 2726 in
511 2683 637 2747 quo
685 2670 749 2726 et
793 2684 910 2749 per
956 2683 1147 2747 quem
1195 2661 1583 2748 completum
1630 2669 1754 2745 est,
1810 2657 2064 2724 audisse
2118 2657 2521 2744 perhibebat.

1416 2894 1518 2958 16.

457 3047 536 3105 Vt
574 3049 735 3105 idem
771 3049 1079 3105 'admotum
1117 3050 1192 3104 ab
1231 3044 1517 3105 hostibus
1552 3048 1700 3103 urbi
1735 3047 1949 3114 regiae
1986 3047 2193 3114 ignem
2230 3047 2461 3102 orando

1291 3137 1623 3193 amouerlt.

573 3279 770 3346 Aliud
815 3281 1099 3346 eiusdem
1143 3282 1347 3368 patris
1406 3280 1819 3347 memorabile
1873 3278 2252 3345 miraculum
2306 3278 2527 3343 ferunt

398 3372 612 3456 multi,
676 3373 785 3457 qui
838 3393 1026 3437 nosse
1082 3380 1446 3456 potuerunt.
1537 3369 1711 3434 Nam
1768 3379 2063 3456 tempore
2118 3371 2525 3455 episcopatus

399 3461 552 3544 eius,
602 3459 848 3525 hostilis
893 3459 1284 3524 Merciorum
1332 3462 1675 3544 exercitus,
1724 3456 1947 3522 Penda
1993 3455 2181 3542 duce,
2228 3457 2287 3520 N
2290 3455 2523 3522 ordan-

398 3546 818 3635 hymbrorum
863 3549 1160 3634 regiones
1189 3549 1391 3635 impia
1422 3546 1603 3614 clade
1639 3549 1832 3632 longe
1876 3548 2134 3632 lateque
2179 3545 2527 3612 deuastans

397 3639 694 3724 peruenit
738 3637 821 3702 ad
865 3639 1095 3703 urbem
1141 3660 1342 3723 usque
1388 3639 1657 3722 regiam,
1707 3657 1871 3722 quae
1904 3658 1984 3702 ex
2014 3634 2279 3700 Bebbae
2326 3657 2529 3721 quon-

398 3724 548 3791 dam
577 3727 844 3812 reginae
873 3728 1187 3792 uocabulo
1215 3728 1745 3811 cognominatur,
1793 3747 2085 3812 eamque,
2132 3725 2282 3810 quia
2312 3746 2527 3810 neque

398 3816 596 3879 armis
626 3836 837 3900 neque
885 3814 1216 3881 obsidione
1261 3837 1496 3902 capere
1539 3823 1811 3902 poterat,
1860 3814 2137 3880 flammis
2180 3812 2526 3878 absumere
