2723 4326
409 211 494 274 28
2224 209 2266 263 Ι.
2310 208 2538 262 18-19,

407 385 680 468 habenS,
730 386 902 450 facta
949 387 1262 469 oratione,
1310 387 1495 450 iussit
1540 384 1763 449 reuelli
1809 377 2199 472 sepulerum,
2250 387 2541 470 pretiosa

410 473 651 539 ibidem
695 497 962 540 munera
993 473 1388 558 conditurus3
1437 475 1757 554 arbitrans
1788 485 2190 560 oportunum,
2238 482 2310 537 ut
2340 497 2544 538 mem-

407 564 528 628 bra
571 573 937 628 sanctorum
985 586 1064 628 ex
1103 563 1373 629 diuersis
1402 564 1775 648 regionibus
1808 563 2095 647 collecta,
2144 584 2301 648 quos
2348 585 2545 648 pares

408 654 652 717 meritis
699 663 1032 739 receperat
1077 655 1358 737 caelum,
1416 652 1691 739 sepulcri
1748 673 2001 738 quoque
2054 654 2239 717 unius
2285 662 2546 717 teneret

407 740 775 827 hospitium.
850 741 1099 821 Quibus
1148 742 1457 829 depositis
1502 739 1849 806 honorifice
1895 750 2089 827 atque
2135 742 2410 824 sociatis,
2463 741 2549 806 de

408 830 548 895 loco
594 832 754 917 ipsc,
803 831 916 896 ubi
946 831 1124 897 beati
1153 833 1460 917 martyris
1493 830 1730 895 effusus
1762 839 1902 894 erat
1933 831 2212 914 sanguiS,
2260 851 2550 896 massam

408 919 693 1006 pulueris
759 943 977 986 secum
1039 928 1412 1006 portaturus
1476 919 1771 1004 abstulit,
1839 921 1905 983 in
1969 941 2095 1004 qua
2161 918 2546 1006 apparebat,

412 1031 637 1073 cruore
685 1017 939 1074 seruato
959 1059 976 1091 ,
1041 1009 1336 1074 rubuisse
1383 1017 1743 1093 martyrum
1788 1006 2081 1092 caedem,
2129 1017 2548 1094 persecutore

409 1097 708 1183 pallente.
803 1097 1051 1178 Quibus
1111 1098 1203 1162 ita
1261 1099 1463 1184 gestis
1521 1099 1859 1162 innumera
1919 1097 2249 1162 hominum
2315 1097 2549 1162 eodem

411 1187 514 1252 die
559 1185 642 1251 ad
688 1186 1016 1251 dominum
1062 1187 1255 1252 turba
1301 1208 1611 1252 conuersa
1657 1196 1771 1252 est.

1424 1400 1528 1464 19.

411 1540 494 1596 Vt
532 1538 691 1595 idem
729 1553 913 1594 causa
961 1538 1354 1594 Infirmitatis
1394 1539 1626 1595 ibidem
1685 1539 1973 1595 detentus
2011 1539 2076 1594 et
2115 1539 2399 1595 incendia
2438 1540 2549 1594 do-

414 1625 651 1666 morum
691 1611 922 1665 orando
976 1611 1385 1678 restinxerit,
1440 1611 1504 1666 et
1553 1611 1687 1679 ipse
1736 1625 1849 1679 per
1892 1611 2198 1666 nisionem
2235 1625 2269 1665 a
2307 1624 2417 1665 suo
2458 1612 2553 1666 sit

1173 1682 1476 1749 languore
1514 1682 1792 1737 curatus-

587 1807 778 1874 Vnde
841 1808 993 1872 dum
1058 1806 1363 1890 redeunt,
1423 1808 1757 1874 insidiator
1800 1809 2123 1892 inimicus,
2182 1807 2548 1872 casualibus

411 1898 657 1983 laqueis
724 1899 1158 1984 praeparatis,
1234 1895 1551 1962 Germani
1618 1896 1853 1983 pedem
1922 1897 2138 1982 lapsus
2207 1899 2548 1962 occasione

413 1987 750 2068 contriuit,
818 1988 1121 2070 ignorans
1189 1989 1423 2052 merita
1485 1985 1687 2068 illius,
1753 1987 1917 2051 sicut
1976 1985 2095 2050 Iob
2164 1985 2546 2068 beatissimi,

411 2075 761 2140 afflictione
807 2077 1092 2160 corporis
1149 2073 1602 2162 propaganda:
1666 2083 1730 2138 et
1778 2073 1929 2138 dum
1976 2075 2369 2161 aliquamdiu
2416 2096 2547 2138 uno

408 2169 473 2231 in
520 2166 660 2231 loco
707 2163 1096 2230 infirmitatis
1141 2166 1527 2230 necessitate
1575 2174 1935 2248 teneretur,
2002 2167 2068 2229 in
2112 2167 2355 2249 uicina,
2414 2186 2547 2250 qua

409 2255 746 2339 manebat,
810 2253 1028 2319 casula
1073 2256 1318 2319 exarsit
1364 2252 1761 2319 incendium:
1826 2254 1997 2340 quod
2044 2256 2389 2319 consumtis
2430 2252 2545 2317 do·

407 2344 645 2427 mibus,
696 2366 860 2429 quae
905 2343 1034 2408 illic
1080 2343 1351 2429 palustri
1397 2340 1756 2407 harundine
1801 2343 2215 2427 tegebantur,
2263 2341 2346 2407 ad
2392 2363 2544 2407 eum

406 2431 846 2498 habitaculum
861 2483 878 2515 ,
949 2434 1018 2496 in
1065 2453 1189 2517 quo
1235 2430 1407 2497 idem
1454 2433 1735 2515 iacebat,
1795 2430 2015 2496 flabris
2063 2430 2542 2496 stimulantibus

407 2521 760 2587 ferebatur.
854 2518 1218 2585 Concursus
1265 2522 1550 2585 omnium
1612 2520 1696 2586 ad
1748 2521 2105 2585 antistitem
2152 2521 2540 2605 conuolauit‚

405 2620 479 2675 ut
527 2610 732 2675 elatus
777 2610 1070 2675 manibus
1101 2611 1477 2696 periculum,
1529 2609 1703 2695 quod
1748 2610 2146 2694 imminebat,
2198 2610 2536 2675 euaderet:

409 2700 640 2784 quibus
687 2700 1033 2785 increpatis
1082 2702 1328 2763 moueri
1375 2722 1445 2763 se
1490 2697 1640 2763 fidei
1698 2700 2177 2784 praesumtione
2221 2721 2351 2763 non
2395 2721 2541 2785 pas-

409 2811 516 2853 sus
564 2797 679 2853 est.
756 2788 849 2851 At
896 2786 1238 2852 multitudo
1284 2790 1493 2851 omnis
1542 2787 1989 2873 desperatione
2034 2789 2383 2874 perterrita
2430 2790 2541 2853 ob-

409 2879 584 2941 uiam
643 2878 846 2941 currit
907 2876 1221 2941 incendi0.
1315 2875 1450 2942 Sed
1513 2888 1584 2941 ut
1643 2876 1748 2941 dei
1806 2880 2096 2961 potentia
2140 2875 2541 2941 manifestior

408 2976 786 3052 appareret,
851 2965 1150 3052 quicquid
1199 2965 1521 3030 custodire
1579 2974 1968 3030 temtauerat
2028 2966 2251 3050 turba,
2314 2987 2539 3029 consu·

408 3056 634 3138 mitur3
682 3053 851 3140 quod
898 3077 1052 3119 uero
1095 3057 1311 3119 iacens
1359 3064 1423 3119 et
1469 3053 1761 3118 infirmus
1808 3053 2199 3138 defenderat,
2247 3063 2536 3120 reserato

406 3144 684 3230 hospitio
733 3145 938 3207 sancti
983 3145 1139 3227 uiri,
1191 3165 1625 3231 expauescens
1671 3141 1932 3207 flamma
1975 3144 2321 3208 transiliuit
2367 3142 2537 3208 ultra

337 3270 341 3274 -
409 3235 697 3319 citraque
753 3232 1125 3297 desaeuiens
1183 3242 1248 3296 et
1300 3233 1473 3296 inter
1528 3231 1755 3316 globos
1813 3229 2201 3297 flammantis
2259 3231 2538 3297 incendii

405 3324 722 3387 incolume
767 3320 1276 3404 tabernaculum,
1326 3318 1498 3407 quod
1543 3320 1866 3385 habitator
1898 3321 2177 3385 inclusus
2210 3322 2532 3406 seruabat,

408 3412 686 3476 emicuit.
779 3410 1049 3475 Exultat
1110 3410 1302 3475 turba
1359 3409 1669 3474 miraculo
1734 3420 1798 3474 et
1861 3412 2101 3474 uictam
2172 3432 2239 3473 se
2303 3409 2535 3475 diuinis

407 3499 750 3563 uirtutibus
799 3501 1181 3584 gratulatur.
1258 3499 1644 3564 Excubabat
1676 3496 1902 3575 diebus
1949 3522 2025 3563 ac
2056 3498 2352 3563 noctibus
2384 3509 2534 3565 ante

404 3589 736 3672 tugurium
781 3590 1083 3675 pauperis
1132 3589 1364 3673 uulgus
1412 3590 1547 3653 sine
1577 3609 1877 3671 numer03
1927 3588 1994 3652 hi
2030 3590 2275 3652 animas
2309 3609 2534 3653 curare

407 3678 757 3763 cupientes,
804 3676 873 3741 hi
919 3699 1206 3764 corpora.
1297 3676 1551 3741 Referri
1612 3687 1971 3763 nequeunt,
2034 3698 2197 3763 quae
2242 3675 2533 3741 Christus

406 3766 796 3853 operabatur
840 3768 907 3831 in
952 3766 1218 3851 famule,
1287 3768 1399 3852 qui
1444 3767 1716 3831 uirtutes
1763 3765 2042 3831 faciebat
2086 3763 2404 3831 infirmus:
2468 3779 2533 3831 et

407 3879 551 3921 cum
601 3855 916 3921 debilitati
962 3878 1115 3922 suae
1165 3855 1321 3919 nihil
1366 3854 1633 3920 remedii
1663 3864 1994 3941 pateretur
2025 3853 2333 3938 adhiberi,
2383 3877 2532 3940 qua—
