2723 4326
391 135 478 209 24
2210 145 2254 197 1.
2298 146 2528 199 15—16.

389 317 602 403 Vitta,
669 321 848 384 cuius
906 328 1088 407 pater
1134 317 1370 404 Vecta,
1428 323 1607 385 cuius
1652 329 1837 407 pater
1885 319 2143 406 Voden,
2212 321 2293 386 de
2342 324 2525 387 cuius

389 409 588 495 stirpe
602 407 949 473 multarum
969 410 1453 496 prouinciarum
1474 411 1730 494 regium
1753 431 1955 494 genus
1981 412 2303 496 originem
2321 411 2527 476 duxit.

404 513 420 524 ··
563 496 713 562 Non
771 519 952 562 mora
1011 520 1166 584 ergo
1177 549 1195 582 ,
1259 498 1723 564 confluentibus
1771 501 2065 564 certatim
2124 502 2191 564 in
2244 501 2530 565 insulam

388 587 680 671 gentium
703 597 1204 652 memoratarum
1226 589 1522 670 cateruis,
1549 588 1975 674 grandescere
2000 590 2273 675 populus
2310 591 2530 676 coepit

387 675 816 759 aduenarum,
875 678 970 742 ita
1022 685 1094 741 ut
1150 677 1310 765 ipsis
1372 699 1652 763 quoque,
1713 679 1822 762 qui
1868 699 1977 741 eos
2024 677 2528 760 aduocauerant,

385 765 703 850 indigenis
769 775 982 830 essent
1043 767 1295 831 terrori.
1392 765 1561 831 Tum
1626 766 1837 831 subito
1896 767 2056 830 inito
2119 767 2203 833 ad
2262 776 2529 855 tempus

385 853 644 919 foedere
677 877 822 919 cum
855 855 1076 937 Pictis,
1126 877 1284 941 quos
1331 856 1586 939 longius
1631 857 1759 920 iam
1790 853 2086 921 bellando
2117 857 2527 942 pepulerant,

385 945 452 1007 in
518 945 721 1008 socios
777 966 957 1010 arma
1019 953 1275 1008 uertere
1338 945 1671 1031 incipiunt.
1774 945 1863 1010 Et
1920 946 2201 1029 primum
2262 945 2533 1030 quidem

384 1054 668 1098 annonas
715 1033 838 1097 sibi
887 1055 992 1097 eos
1038 1031 1408 1098 affluentius
1452 1035 1820 1098 ministrare
1868 1043 2137 1118 cogunt,
2211 1055 2530 1119 quaeren-

386 1131 611 1210 tesque
671 1123 1072 1186 occasionem
1134 1121 1424 1204 diuortii,
1492 1131 1959 1208 protestantur,
2026 1124 2152 1187 nisi
2195 1123 2531 1208 profusior

387 1210 511 1275 sibi
569 1212 1022 1276 alimentorum
1081 1213 1265 1296 copia
1319 1211 1613 1296 daretur,
1680 1233 1748 1274 se
1804 1220 2031 1276 cuncta
2089 1211 2338 1276 insulae
2384 1213 2531 1277 loca

386 1298 598 1386 rupto'
625 1299 884 1365 foedere
930 1308 1315 1364 uastaturos.
1395 1297 1626 1387 Neque
1658 1300 1988 1387 aliquanto
2018 1301 2283 1384 segnius
2316 1303 2530 1366 minas

389 1388 730 1454 effectibus
775 1397 1215 1474 prosecuntur.
1297 1387 1651 1476 Siquidem,
1698 1398 1770 1455 ut
1817 1389 2105 1454 breuiter
2135 1389 2373 1468 dicam,
2424 1414 2527 1456 ac-

389 1499 616 1543 census
676 1477 970 1542 manibus
1030 1499 1431 1563 paganorum
1490 1479 1694 1564 ignis,
1765 1479 1966 1543 iustas
2032 1475 2113 1542 de
2172 1478 2531 1545 sceleribus

385 1565 608 1654 populi
640 1564 745 1631 dei
783 1566 1055 1631 ultiones
1087 1569 1376 1653 expetiit,
1422 1589 1550 1632 non
1594 1567 1761 1632 illius
1798 1569 2006 1654 inpar,
2057 1568 2167 1653 qui
2198 1567 2533 1653 quondam

387 1680 426 1721 a
488 1653 828 1720 Chaldaeis
897 1678 1240 1721 succensus
1299 1655 1900 1743 Hierosolymorum
1966 1658 2253 1740 moenia,
2328 1659 2530 1722 immo

387 1744 682 1810 aedificia
727 1753 957 1810 cuncta
1003 1747 1371 1809 consumsit.
1450 1743 1563 1810 Sic
1596 1747 1767 1810 enim
1799 1754 1864 1809 et
1904 1744 2009 1809 hic
2048 1754 2285 1830 agente
2326 1747 2529 1834 impio

387 1836 654 1916 uictore,
700 1835 899 1899 immo
946 1834 1323 1921 disponente
1369 1835 1536 1899 iusto
1581 1833 1810 1916 iudice,
1858 1834 2186 1920 proximas
2235 1857 2529 1922 quasque

389 1925 687 1988 ciuitates
733 1944 1056 2010 agrosque
1102 1922 1518 2009 depopulans,
1567 1922 1650 1987 ab
1689 1923 1981 1988 orientali
2010 1925 2174 1988 mari
2206 1946 2414 2010 usque
2446 1922 2531 1989 ad

387 2010 804 2094 occidentale,
844 2013 1016 2077 nullo
1047 2011 1452 2098 prohibente,
1486 2034 1671 2076 suum
1704 2013 2099 2076 continuauit
2128 2011 2524 2098 incendium,

387 2111 720 2189 totamque
787 2124 902 2189 pro
954 2125 989 2167 e
1054 2101 1300 2167 insulae
1374 2103 1700 2188 pereuntis
1774 2099 2182 2189 superficiem
2250 2103 2525 2169 obtexit.

387 2191 686 2257 Ruebant
732 2126 1024 2257 aedifilbia
1067 2192 1328 2278 publica
1374 2191 1562 2256 simul
1604 2200 1670 2257 et
1700 2193 1975 2277 priuata,
2024 2194 2267 2277 passim
2314 2214 2528 2257 sacer-

387 2280 570 2359 dotes
615 2280 784 2346 inter
828 2282 1058 2346 altaria
1103 2279 1619 2364 trucidabantur,
1680 2281 2009 2365 praesules
2034 2284 2212 2345 'cum
2268 2282 2529 2368 populis

388 2373 527 2436 sine
584 2369 715 2435 ullo
774 2378 1075 2457 respectu
1139 2368 1396 2433 honoris
1455 2368 1626 2433 ferro
1686 2370 1927 2454 pariter
1975 2377 2037 2434 et
2080 2369 2363 2435 flammis
2412 2372 2523 2435 ab·

388 2460 836 2544 sumebantur3
870 2482 992 2525 nec
1025 2466 1185 2543 erat,
1220 2459 1331 2544 qui
1363 2456 1710 2523 crudeliter
1738 2460 2116 2523 interemtos
2149 2458 2526 2544 sepulturae

387 2548 694 2613 traderet.
774 2548 1006 2634 Itaque
1046 2547 1332 2612 nonnulli
1364 2544 1444 2611 de
1475 2544 1854 2611 miserandis
1900 2547 2186 2632 reliquiis
2232 2548 2300 2611 in
2346 2570 2527 2613 mon-

384 2638 559 2703 tibus
592 2636 1035 2724 comprehensi
1077 2637 1433 2702 aceruatim
1479 2635 1965 2720 iugulabantur:
2013 2636 2122 2699 alii
2169 2636 2341 2701 fame
2372 2660 2523 2702 con-

387 2727 545 2791 fecti
589 2725 1010 2812 procedentes
1055 2748 1283 2791 manus
1327 2723 1620 2790 hostibus
1660 2723 1919 2809 dabant,
1967 2748 2085 2811 pro
2132 2725 2527 2812 accipiendis

387 2816 839 2881 alimentorum
917 2812 1218 2880 subsidiis
1287 2822 1618 2879 aeternum
1686 2814 1961 2879 subituri
2028 2815 2401 2901 seruitium,
2474 2817 2525 2879 si

389 2914 609 2969 tamen
654 2926 780 2967 non
828 2908 1126 2969 continuo
1173 2900 1681 2968 trucidarentur:
1744 2904 1851 2967 alii
1909 2904 2375 2969 transmarinas
2430 2926 2526 2969 re-

390 2996 614 3078 giones
645 2992 935 3057 dolentes
966 2992 1315 3081 petebant:
1363 2993 1473 3056 alii
1519 2999 1877 3078 perstantes
1921 2994 1988 3057 in
2035 2994 2245 3078 patria
2284 2992 2528 3079 trepidi

389 3104 741 3170 pauperem
797 3084 999 3147 uitam
1054 3083 1120 3146 in
1176 3081 1531 3163 montibus,
1589 3081 1767 3145 siluis
1830 3082 1935 3146 uel
1994 3080 2260 3168 rupibus
2307 3081 2528 3147 arduis

390 3184 687 3258 suspecta
733 3193 986 3259 semper
1033 3180 1249 3236 mente
1293 3170 1597 3254 agebant.

1419 3366 1521 3431 16.

395 3494 475 3552 Vt
530 3497 865 3552 Brettones
918 3496 1182 3565 primam
1227 3495 1302 3549 (le
1354 3493 1541 3563 gente
1592 3492 1932 3561 Aug-lorum
1984 3494 2323 3550 ulctoriam
2375 3498 2529 3553 duce

800 3567 1124 3624 Ambrosio
1161 3568 1433 3621 Romano
1471 3564 1715 3621 homine
1754 3566 2115 3622 sumserlnt.

567 3698 659 3765 At
719 3702 830 3766 ubi
895 3702 1142 3766 hostilis
1207 3702 1529 3765 exercitus
1590 3702 2031 3767 exterminatis
2094 3701 2531 3789 dispersisque

394 3790 638 3854 insulae
695 3790 1016 3871 indigenis
1082 3790 1342 3855 domum
1408 3811 1705 3855 reuersus
1751 3800 1879 3874 est,
1929 3799 2275 3877 coeperunt
2324 3801 2391 3855 et
2436 3792 2531 3857 illi
