2723 4326
141 212 181 262 1.
223 210 450 266 19—20.
2188 211 2271 276 29

140 388 292 453 dam
353 396 546 453 nocte
600 386 982 452 candentem
1043 388 1247 451 niueis
1306 386 1595 451 uestibus
1659 385 1819 450 uidit
1880 387 2001 451 sibi
2048 385 2273 453 adesse

138 499 501 564 personam,
530 497 694 563 quae
724 497 920 542 manu
945 486 1210 541 extensa
1239 478 1560 541 iacentem
1593 475 1917 540 uideretur
1937 474 2269 562 adtollere,

139 589 430 670 eumque·
459 568 806 630 consistere
850 563 1051 629 firmis
1099 566 1387 649 uestigiis
1434 564 1816 651 imperabat
1891 564 2046 630 Post
2078 589 2271 652 quam

137 655 368 720 horam
412 657 523 738 ita,
572 654 813 740 fugatis
859 649 1214 732 doloribus,
1259 657 1509 740 recepit
1537 655 1875 741 pristinam
1906 657 2267 741 sanitatem,

137 755 231 828 ut,
285 743 389 809 die
435 741 708 827 reddito,
755 745 1004 808 itineris
1049 743 1338 808 laborem
1389 743 1634 809 subiret
1678 745 2050 831 intrepidus.

1155 959 1258 1022 20.

139 1081 220 1137 Vt
272 1081 436 1136 idem
486 1081 761 1150 episcopi
813 1079 1218 1136 Brettonibus
1275 1080 1342 1134 in
1389 1094 1596 1148 pugna
1646 1080 1948 1136 auxilium
2000 1082 2267 1137 caeleste

569 1151 840 1206 tulerInt
879 1152 1088 1218 sicque
1127 1152 1369 1206 domum
1406 1151 1652 1207 reuersi
1691 1151 1843 1207 sint.

320 1276 583 1342 Interea
613 1273 903 1341 Saxones
934 1276 1232 1362 Pictique
1272 1275 1516 1341 bellum
1555 1275 1897 1341 aduersum
1925 1276 2273 1342 Brettones

137 1369 378 1431 iunctis
441 1365 686 1430 uiribus
747 1375 1196 1451 susceperunt,
1272 1386 1429 1451 quos
1496 1365 1721 1430 eadem
1790 1367 2139 1432 necessitas
2208 1369 2273 1430 in

139 1464 356 1520 castra
432 1463 876 1537 contraxerat;
946 1464 1012 1519 et
1071 1475 1218 1518 cum
1291 1454 1528 1541 trepidi
1596 1464 1810 1542 partes
1888 1478 2034 1520 suas
2110 1478 2273 1542 pene

136 1548 402 1632 inpares
448 1543 836 1626 iudicarent,
897 1552 1263 1608 sanctorum
1307 1545 1668 1608 antistitum
1715 1545 2023 1609 auxilium
2076 1545 2275 1630 petie-

28 1639 30 1644 ’
138 1643 324 1700 runt:
391 1635 500 1719 qui
555 1634 938 1719 promissum
996 1641 1395 1697 maturantes
1443 1633 1817 1718 aduentum,
1868 1644 2114 1699 tantum
2160 1656 2271 1720 pa-

140 1722 446 1788 uentibus
520 1722 794 1787 fiduciae
865 1721 1270 1787 contulerunt
1289 1773 1307 1806 ,
1387 1731 1459 1786 ut
1535 1725 1879 1787 accessisse
1955 1725 2273 1787 maximus

141 1811 520 1877 crederetur
565 1813 900 1877 exercitus.
979 1810 1212 1897 Itaque
1258 1810 1627 1898 apostolicis
1676 1810 1942 1876 ducibus
1983 1810 2277 1876 Christus

142 1900 468 1966 militabat
510 1903 576 1964 in
621 1901 865 1965 castris,
942 1899 1238 1965 Aderant
1270 1901 1466 1964 etiam
1512 1900 2039 1986 quadragesimae
2084 1923 2275 1966 uene-

144 1990 386 2055 rabiles
417 1989 572 2073 dice,
624 2011 782 2076 quos
827 1990 1260 2074 religiosiores
1291 1987 1608 2055 reddebat
1652 1991 2021 2075 praesentia
2065 2012 2273 2054 sacer-

146 2079 392 2161 dotum,
442 2081 510 2143 in
553 2088 831 2161 tantum,
878 2087 951 2142 ut
998 2077 1332 2143 cotidianis
1380 2078 1957 2165 praedicationibus
2003 2079 2279 2143 instituti

144 2168 446 2233 certatim
491 2168 711 2255 populi
743 2167 826 2232 ad
857 2169 1138 2253 gratiam
1170 2168 1577 2255 baptismatis
1610 2168 2042 2235 conuolarent.
2083 2167 2277 2233 >Nam

147 2260 437 2323 maxima
485 2259 802 2322 exercitus
847 2256 1189 2322 multitudo
1235 2258 1476 2322 undam
1527 2258 1769 2322 lauacri
1824 2258 2119 2322 salutaris
2166 2279 2278 2321 ex-

145 2348 329 2433 petiit
363 2355 430 2411 et
463 2346 732 2411 ecclesia
772 2346 854 2410 ad
886 2345 1058 2411 diem
1101 2348 1589 2411 resurrectionis
1633 2347 1992 2411 dominicae
2036 2344 2274 2409 frondi-

145 2438 266 2501 bus
315 2444 618 2500 contexta
665 2436 1068 2521 componitur
1114 2445 1309 2523 atque
1364 2438 1433 2500 in
1478 2434 1888 2521 expeditione
1936 2436 2277 2521 campestri

146 2528 347 2591 instar
419 2526 698 2588 ciuitatis
762 2533 1039 2629 aptatur.
1152 2522 1451 2588 Madidus
1526 2525 1913 2629 baptismate
1987 2523 2279 2610 procedit

149 2614 500 2696 exercitia,
561 2610 718 2678 fides
767 2610 975 2679 feruet
1019 2614 1087 2678 in
1131 2615 1407 2700 populo
1377 2664 1395 2698 ,
1446 2622 1511 2679 et
1558 2616 1903 2679 conterrito
1950 2636 2276 2678 armorum

147 2701 505 2789 praesidi0‚
553 2686 904 2767 diuinitatis
953 2712 1332 2790 expectatur
1378 2704 1709 2771 auxilium.
1802 2703 2127 2768 Institutio
2172 2703 2278 2768 uel

149 2794 357 2857 forma
419 2792 731 2857 castitatis
789 2791 1078 2856 hostibus
1140 2794 1496 2875 nuntiatur,
1557 2794 1666 2879 qui
1711 2793 2050 2857 uictoriam
2097 2794 2280 2878 quasi

149 2880 228 2946 de
271 2882 510 2947 inermi
541 2882 828 2945 exercitu
871 2890 1357 2967 praesumentes
1399 2890 1685 2945 assumta
1727 2882 2061 2946 alacritate
2101 2883 2277 2945 festi-

155 2980 342 3053 nant3
405 2990 678 3056 quorum
731 2978 948 3035 tamen
995 2969 1308 3035 aduentus
1357 2971 1801 3056 exploratione
1849 2972 2277 3057 cognoscitur.

325 3020 626 3144 Cumque
674 3081 932 3125 emensa
978 3056 1404 3125 sollemnitate
1466 3059 1754 3146 paschali
1797 3082 2021 3125 recens
2069 3058 2148 3123 de
2192 3060 2277 3123 la-

151 3170 343 3213 uacro
393 3170 548 3232 pars
594 3150 796 3214 maior
832 3151 1150 3214 exercitus
1197 3171 1375 3213 arma
1424 3171 1656 3236 capere
1688 3158 1751 3213 et
1780 3149 2017 3214 bellum
2048 3170 2281 3233 parare

151 3245 479 3321 temtaret,
513 3234 876 3303 Germanus
909 3238 1136 3303 ducem
1181 3262 1250 3303 se
1288 3238 1517 3325 proelii
1546 3236 1902 3324 profitetur,
1953 3238 2131 3321 eligit
2171 3260 2280 3301 ex—

153 3326 402 3412 peditos
417 3376 435 3411 ,
486 3328 890 3392 circumiecta
934 3330 1252 3414 percurrit
1298 3339 1365 3391 et
1412 3350 1447 3392 e
1491 3329 1781 3413 regione,
1832 3349 1958 3413 qua
2002 3326 2282 3390 hostium

156 3416 538 3501 sperabatur
569 3414 899 3499 aduentus,
946 3416 1180 3481 uallem
1212 3416 1675 3483 circumdatam
1706 3414 1929 3480 mediis
1960 3416 2282 3480 montibus
2350 3432 2358 3439 ·

156 3506 460 3569 intuetur.
555 3502 698 3583 Quo
757 3508 823 3570 in
879 3505 1020 3570 loco
1079 3528 1320 3571 nouum
1369 3506 1699 3591 componit
1746 3506 2098 3569 exercitum
2143 3505 2283 3591 ipse

159 3591 290 3657 dux
334 3595 630 3679 agminis,
723 3593 811 3658 Et
873 3596 1002 3661 iam
1065 3592 1292 3660 aderat
1353 3594 1536 3659 ferox
1598 3593 1876 3657 hostium
1923 3594 2281 3671 multitude,

161 3704 353 3767 quam
421 3681 938 3770 adpropinquare
1007 3684 1422 3748 intuebantur
1490 3686 1555 3747 in
1624 3682 1866 3747 insidiis
1936 3684 2281 3747 constituti.

158 3771 327 3835 Tum
395 3772 604 3837 subito
675 3769 1039 3837 Germanus
1115 3773 1384 3856 signifer
1452 3774 1785 3837 uniuersos
1854 3770 2154 3837 admonet
2222 3780 2287 3836 et

159 3860 508 3945 praedicat,
557 3870 628 3926 ut
673 3863 818 3925 uoci
865 3884 1016 3927 suae
1048 3883 1173 3925 uno
1207 3862 1483 3926 clamore
1512 3861 1968 3950 respondeant;
2018 3863 2281 3927 securis·
