2723 4326
390 177 518 239 280
2184 176 2248 228 V.
2285 176 2530 231 21—22.

390 351 720 441 praefecit,
768 352 837 415 in
866 349 1161 414 omnibus
1193 371 1454 415 seruare
1503 348 1866 416 contendas.
1930 348 2041 417 Sic
2089 354 2259 417 enim
2303 352 2394 437 fit,
2449 362 2532 419 ut

388 450 535 529 post
564 449 896 527 acceptam
927 438 1300 525 temporalis
1330 439 1518 523 regni
1546 442 1898 525 potentiam
1929 442 2068 527 ipse
2107 440 2528 508 beatissimus

389 530 818 617 apostolorum
864 529 1163 616 princeps
1219 527 1512 593 caelestis
1567 550 1821 614 quoque
1866 532 2052 615 regni
2097 530 2217 594 tibi
2260 533 2528 617 tuisque

387 643 535 685 cum
566 620 796 684 ceteris
826 618 1046 684 electis
1075 616 1282 682 libens
1314 617 1556 703 pandat
1585 619 1935 683 introitum.
1983 616 2216 685 Gratia
2243 629 2308 685 te
2337 623 2524 705 regis

386 709 633 775 aeterni
677 708 953 793 longiori
995 716 1287 793 tempore
1339 715 1721 791 regnantem
1768 706 1851 772 ad
1897 717 2184 773 nostram
2232 710 2526 775 omnium

387 820 614 886 pacem
670 796 984 862 custodiat
1036 796 1451 879 incolumem,
1509 794 1920 861 dilectissime
1962 799 2028 861 in
2075 795 2331 862 Christo
2376 797 2520 864 fili.’

563 884 751 951 Haec
812 885 1086 971 epistula
1141 906 1287 949 cum
1349 894 1692 971 praesente
1737 907 1894 969 rege
1940 883 2005 948 N
2006 886 2222 951 aitono
2267 888 2520 953 multis-

389 1000 511 1064 que
556 976 713 1040 uiris
760 974 1151 1039 doctioribus
1198 984 1366 1038 esset
1409 975 1579 1039 lecta
1623 996 1701 1040 ac
1747 972 2091 1059 diligenter
2121 977 2204 1041 ab
2237 976 2356 1061 his,
2399 980 2519 1064 qui

386 1064 770 1148 intellegere
815 1071 1130 1149 poterant,
1178 1064 1246 1128 in
1289 1062 1577 1149 linguam
1623 1064 1758 1128 eius
1818 1063 2145 1150 propriam
2199 1066 2519 1154 interpre-

388 1165 544 1239 tata,
590 1152 865 1217 multum
915 1151 994 1216 de
1040 1153 1176 1217 eius
1226 1150 1673 1217 exhortatione
1719 1154 1984 1237 gauisus
2029 1176 2168 1219 esse
2212 1156 2518 1241 perhibe-

386 1255 527 1327 tur3
574 1244 667 1307 ita
712 1249 784 1305 ut
830 1260 1183 1326 exsurgens
1230 1239 1309 1305 de
1354 1240 1568 1306 medio
1615 1243 1998 1327 optimatum
2058 1264 2314 1308 suorum
2364 1268 2518 1310 con-

389 1355 567 1398 sessu
615 1353 828 1416 genua
870 1329 1162 1394 flecteret
1206 1330 1274 1393 in
1320 1338 1580 1411 terram,
1629 1328 1748 1394 deo
1794 1332 2039 1415 gratias
2084 1353 2304 1416 agens,
2339 1333 2520 1419 quod

387 1422 517 1486 tale
562 1420 1011 1483 munusculum
1058 1416 1137 1482 de
1181 1426 1359 1483 terra
1390 1417 1750 1503 Anglorum
1793 1427 2148 1484 mereretur
2193 1424 2511 1508 accipere.

390 1509 496 1573 ‘Et
543 1509 801 1596 quidem
849 1518 914 1572 et
968 1515 1158 1571 antea
1213 1508 1409 1593 noui,'
1465 1509 1672 1594 inquit
1732 1507 1903 1594 ‘quia
1937 1507 2098 1573 haec
2154 1519 2293 1574 erat
2352 1534 2515 1576 uera

387 1598 665 1686 paschae
712 1597 1088 1678 celebratio,
1159 1596 1273 1661 sed
1317 1598 1383 1662 in
1430 1605 1680 1661 tantum
1727 1595 1918 1661 modo
1963 1599 2277 1664 rationem
2320 1598 2514 1665 huius

388 1690 693 1775 temporis
742 1683 1125 1752 obseruandi
1172 1707 1513 1770 cognosce,
1561 1694 1633 1750 ut
1677 1708 1908 1771 parum
1936 1685 2095 1749 mihi
2126 1687 2513 1753 omnimodis

385 1778 609 1843 uidear
654 1777 735 1842 de
780 1777 878 1841 his
926 1784 1118 1840 antea
1168 1775 1584 1841 intellexisse.
1676 1773 1866 1840 Vnde
1929 1776 2143 1861 palam
2200 1775 2514 1862 profiteor

385 1866 714 1952 uobisque,
762 1866 872 1952 qui
917 1862 1254 1947 adsidetis,
1300 1864 1746 1950 praesentibus
1791 1872 2141 1950 protestor,
2190 1867 2342 1951 quia
2385 1865 2515 1931 hoc

387 1956 728 2020 obseruare
772 1962 1027 2040 tempus
1072 1953 1351 2040 paschae
1398 1976 1544 2019 cum
1589 1953 1890 2019 uniuersa
1933 1975 2078 2019 mea
2122 1964 2318 2035 gente
2363 1978 2508 2041 per-

384 2053 577 2130 petuo
626 2043 803 2125 uolo;
850 2041 1015 2108 hanc
1061 2043 1359 2128 accipere
1407 2040 1642 2107 debere
1697 2050 2061 2126 tonsuram,
2121 2063 2316 2127 quam
2377 2043 2512 2130 ple-

385 2155 532 2199 nam
581 2154 720 2198 esse
764 2132 1027 2198 rationis
1073 2128 1389 2209 audimus,
1462 2152 1676 2197 omnes
1687 2182 1704 2214 ,
1779 2133 1890 2217 qui
1957 2134 2022 2196 in
2091 2154 2234 2197 meo
2302 2155 2510 2219 regno

384 2232 557 2304 sunt,
607 2223 871 2286 clericos
918 2221 1237 2286 ‹lecern0.²
1328 2217 1475 2286 Nec
1520 2242 1726 2302 mora,
1777 2242 1944 2306 quae
1990 2221 2276 2306 dixerat,
2325 2225 2514 2307 regia

384 2312 767 2377 auctoritate
813 2311 1108 2396 perfecit.
1204 2306 1445 2375 Statim
1489 2331 1766 2394 namque
1796 2311 1972 2374 iussu
2002 2309 2262 2395 publico
2291 2314 2510 2378 mitte-

383 2401 617 2465 bantur
662 2400 746 2465 ad
791 2396 1364 2482 transcribendum,
1415 2397 1806 2483 discendum,
1849 2397 2344 2484 obseruandum,
2393 2423 2513 2488 per

382 2491 717 2554 uniuersas
762 2486 1096 2552 Pictorum
1139 2488 1505 2574 prouincias
1554 2488 1775 2552 circuli
1807 2487 2088 2572 paschae
2120 2486 2512 2556 decennoue-

382 2579 579 2662 nales,
629 2576 1013 2642 oblitteratis
1060 2599 1175 2662 per
1222 2579 1438 2641 omnia
1493 2579 1774 2642 erroneis
1835 2577 2165 2661 octoginta
2213 2590 2279 2643 et
2325 2589 2510 2666 quat-

344 2701 349 2707 ·
383 2677 530 2732 tuor
573 2688 883 2731 annorum
929 2665 1202 2730 circulis.
1295 2664 1820 2730 Attondebantur
1851 2687 2072 2732 omnes
2105 2668 2169 2729 in
2205 2689 2508 2734 coronam

384 2756 659 2820 ministri
690 2755 909 2819 altaris
940 2777 1017 2819 ac
1047 2754 1377 2820 monachi:
1427 2764 1494 2820 et
1541 2757 1725 2841 quasi
1767 2775 1936 2819 nouo
1985 2777 2055 2820 se
2097 2753 2513 2843 discipulatui

384 2843 735 2908 beatissimi
792 2844 1226 2930 apostolorum
1284 2845 1592 2930 principis
1637 2845 1819 2909 Petri
1866 2843 2190 2910 subditam
2247 2847 2512 2933 eiusque

382 2932 715 2998 tutandam
759 2934 1113 3020 patrocinio
1160 2954 1320 3018 gens
1370 2941 1660 2998 correcta
1705 2932 2048 3019 gaudebat.

1391 3165 1496 3228 22.

382 3322 459 3378 Vt
495 3321 782 3377 Hlienses
818 3320 1102 3378 monachi
1142 3335 1276 3377 cum
1315 3321 1616 3378 subiectis
1656 3321 1779 3378 sibi
1817 3321 2220 3378 monasteriis
2262 3322 2509 3378 canoni-

466 3424 600 3466 cum
636 3409 1039 3480 praedicante
1075 3410 1420 3478 Ecgbercto
1459 3410 1776 3468 celebrare
1813 3412 2043 3481 paseha
2083 3411 2430 3480 coeperint.

557 3553 621 3619 N
624 3577 697 3619 ec
743 3555 947 3620 multo
993 3564 1139 3642 post
1184 3555 1277 3620 illi
1322 3576 1597 3640 quoque,
1649 3557 1758 3640 qui
1804 3555 2081 3620 insulam
2113 3552 2228 3619 Hii
2276 3555 2509 3620 incole-

379 3642 556 3726 bant,
601 3643 899 3709 monachi
930 3640 1253 3709 Scotticae
1284 3645 1562 3708 nationis
1594 3665 1741 3709 cum
1771 3644 1892 3729 his,
1943 3666 2108 3731 quae
2155 3644 2278 3708 sibi
2327 3654 2512 3710 erant

383 3729 656 3816 subdita,
703 3733 1104 3798 monasteriis
1150 3731 1233 3796 ad
1279 3735 1476 3798 ritum
1531 3733 1809 3819 paschae
1855 3757 1933 3800 ac
1977 3743 2278 3798 tonsurae
2325 3757 2510 3800 cano-

382 3818 597 3882 nicum
644 3819 898 3885 domino
927 3831 1311 3907 procurante
1353 3821 1648 3909 perducti
1693 3831 1858 3888 sunt.
1952 3820 2286 3908 Siquidem
2341 3845 2508 3888 anno
