2723 4326
148 255 211 308 V.
250 257 337 309 21.
2147 262 2270 325 271

143 434 381 520 peribit
426 434 639 498 anima
682 433 794 497 illa
842 432 922 498 de
969 433 1193 515 Israel,
1242 457 1281 498 a
1327 436 1431 498 die
1479 438 1685 520 primo
1730 457 1933 521 usque
1982 434 2061 497 ad
2107 435 2276 500 diem

146 519 548 608 septimum“,
596 532 659 587 et
706 531 941 606 cetera,
990 521 1347 608 usquedum
1396 526 1482 587 ait
1515 522 1650 610 (12,
1689 522 1828 609 17):
1898 523 2013 610 „In
2049 525 2275 589 eadem

144 614 312 675 enim
334 614 499 733 “ipsa
558 610 658 675 die
718 611 988 676 educam
1047 614 1400 676 exercitum
1463 624 1748 677 uestrum
1797 611 1876 677 de
1923 626 2098 677 terra
2145 613 2273 677 Ae-

277 703 327 764 ti
378 752 389 764 .
422 734 425 736 Δ
2105 751 2113 756 .

142 723 273 786 gyp
320 789 630 853 ‘Primum
676 811 833 874 ergo
880 790 1050 855 diem
1098 812 1474 874 azymorum
1522 790 1801 877 appellat
1833 814 2000 874 eum,
2051 793 2115 853 in
2147 812 2273 875 quo

143 880 493 943 exercitum
540 900 761 942 eorum
827 888 995 943 esset
1064 877 1410 943 educturus
1459 877 1538 943 de
1584 884 1907 965 Aegypto,
2003 878 2274 943 Constat

144 976 384 1052 autem,
454 968 603 1053 quia
658 988 785 1031 non
848 977 1077 1051 quarta
1136 966 1388 1031 decima
1447 966 1580 1051 die,
1641 971 1735 1032 in·
1763 970 1941 1032 cuius
2001 990 2274 1053 uespera

144 1076 344 1140 agnus
393 1067 492 1121 est
537 1057 898 1119 immolatus
946 1067 1009 1120 et
1055 1078 1219 1142 quae
1273 1058 1532 1144 proprie
1588 1055 1829 1142 pascha
1883 1059 2018 1122 siue
2073 1057 2272 1143 phase

144 1145 401 1229 dicitur3
452 1144 564 1209 sed
612 1146 835 1230 quinta
881 1143 1130 1209 decima
1176 1155 1325 1209 sunt
1372 1144 1583 1210 educti
1633 1168 1715 1210 ex
1736 1144 2058 1232 AegyptO,
2109 1148 2274 1210 sicut

142 1234 205 1297 111
234 1234 401 1298 libro
434 1233 867 1298 Numerorum
890 1231 1025 1317 (33,
1050 1232 1119 1319 3)
1152 1237 1551 1320 apertissime
1584 1236 1910 1299 scribitur:
1950 1235 2272 1321 „Profecti

141 1324 335 1405 igitur
366 1324 448 1387 de
478 1322 786 1387 Ramesse
820 1325 1040 1408 quinta
1073 1323 1323 1388 decima
1370 1324 1474 1388 die
1521 1326 1757 1388 mensis
1804 1325 2017 1410 primi,
2066 1325 2272 1388 altera

143 1408 241 1475 die
285 1411 488 1498 phase
534 1411 650 1476 filii
679 1410 883 1475 Israel
911 1413 978 1475 111
1024 1434 1219 1477 manu
1267 1412 1581 1477 excelsa.“
1649 1412 1914 1500 Septem
1949 1435 2104 1497 ergo
2136 1411 2272 1476 dies

142 1522 536 1587 azymorum,
584 1503 648 1565 in
698 1522 969 1586 quarum
1014 1504 1225 1587 prima
1272 1500 1536 1566 eductus
1570 1513 1667 1567 est
1713 1502 1985 1589 populus
2033 1501 2273 1565 domini

144 1611 219 1653 ex
264 1588 602 1675 AegyptO,
664 1590 746 1653 ab
800 1590 1013 1671 initio,
1076 1600 1149 1654 ut
1195 1589 1501 1675 diximuS,
1563 1593 1792 1655 tertiae
1853 1592 2270 1676 septimanae,

141 1678 255 1741 hoc
304 1688 405 1743 est
452 1701 491 1742 a
537 1680 758 1763 quinta
805 1678 1057 1743 decima
1112 1678 1212 1743 die
1269 1683 1507 1744 mensis
1565 1682 1757 1766 primi
1803 1702 2005 1764 usque
2051 1678 2132 1743 ad
2179 1682 2268 1741 ui—

142 1768 441 1831 cesimam
496 1770 769 1853 primam
826 1765 1112 1832 eiusdem
1168 1770 1404 1833 mensis
1450 1768 1619 1833 diem
1665 1769 2051 1853 completam
2097 1790 2267 1831 com—

143 1860 351 1942 putari
419 1865 689 1943 oportet.
784 1858 986 1921 Porro
1054 1857 1187 1922 dies
1252 1868 1482 1943 quarta
1540 1858 1788 1922 decima
1853 1865 2040 1921 extra
2101 1856 2270 1920 hunc

143 1967 478 2011 numerum
528 1948 873 2031 separatim
921 1944 1038 2009 sub
1070 1945 1349 2033 paschae
1393 1947 1577 2010 titulo
1624 1956 2057 2031 praenotatur,
2105 1949 2271 2010 sicut

142 2032 347 2099 Exodi
396 2036 728 2119 sequentia
773 2044 1070 2119 patenter
1116 2033 1412 2119 edocent3
1461 2035 1571 2098 ubi
1618 2057 1763 2099 cum
1809 2034 2052 2099 dictum
2099 2043 2270 2099 esset

145 2120 370 2207 (Exod.
426 2124 528 2208 12,
580 2120 719 2210 17):
785 2123 894 2211 „In
942 2123 1169 2188 eadem
1217 2127 1387 2189 enim
1433 2127 1576 2210 ipsa
1619 2124 1722 2190 die
1770 2122 2038 2188 educam
2086 2146 2266 2188 exer-

145 2214 335 2276 citum
369 2223 661 2276 uestrum
694 2211 775 2277 (16
806 2223 980 2278 terra
1012 2211 1368 2300 Aegypti“;
1417 2215 1704 2300 protinus
1751 2212 2121 2277 adiunctum
2171 2223 2268 2276 est

143 2298 247 2384 (17
254 2339 331 2348 —
344 2298 486 2387 19):
514 2303 641 2388 „Et
661 2301 1031 2366 custodietis
1055 2302 1225 2366 diem
1245 2305 1440 2367 istum
1465 2305 1530 2366 in
1551 2303 1998 2387 generationes
2020 2311 2266 2364 uestras

142 2391 263 2454 ritu
311 2402 643 2477 perpetua
735 2390 956 2454 Primo
1002 2413 1249 2473 mense,
1313 2402 1543 2478 quarta
1590 2391 1838 2456 decima
1883 2389 1983 2454 die
2031 2391 2267 2453 mensis

147 2480 492 2544 comedetis
539 2502 769 2564 azyma
798 2501 1001 2565 usque
1030 2479 1114 2543 ad
1143 2480 1315 2544 diem
1361 2481 1733 2544 uicesimam
1781 2482 2055 2566 primam
2103 2479 2264 2541 eius-

148 2567 289 2632 dem
343 2570 581 2633 mensis
628 2569 710 2633 ad
756 2591 1114 2654 uesperam.
1207 2568 1477 2655 Septem
1538 2569 1760 2650 diebus
1816 2568 2266 2632 fermentatum

146 2677 266 2723 non
318 2659 686 2722 inuenietur
728 2659 796 2722 in
842 2657 1134 2722 domibus
1180 2655 1473 2722 uestris.“
1570 2656 1730 2735 Quis
1778 2660 1946 2722 enim
2003 2678 2128 2719 non
2176 2658 2266 2718 ui-

148 2744 307 2829 deat,
357 2769 399 2810 a
445 2755 675 2831 quarta
721 2746 970 2811 decima
1024 2769 1227 2831 usque
1272 2747 1355 2812 ad
1401 2749 1775 2811 uicesimam
1820 2747 2095 2831 primam
2140 2766 2270 2808 non

150 2843 387 2919 septem
435 2835 831 2900 solummodo
844 2886 862 2919 ,
912 2835 1024 2900 sed
1072 2845 1215 2899 octo
1259 2838 1476 2921 potius
1523 2859 1662 2899 esse
1709 2836 1870 2916 (1166,
1921 2836 1973 2897 si
2023 2844 2086 2898 61
2130 2835 2271 2920 ipsa

150 2934 371 3006 quarta
419 2924 671 2989 decima
716 2923 1215 2988 annumeretur?
1307 2921 1424 2989 Sin
1471 2933 1717 3007 autem,
1779 2933 1850 2986 ut
1898 2921 2269 3007 diligentius

152 3013 479 3098 explorata
525 3015 878 3100 scripturae
924 3015 1163 3077 ueritas
1210 3012 1418 3096 docet,
1467 3036 1507 3078 a
1538 3034 1810 3098 uespera
1842 3011 1971 3076 (1161
2003 3021 2270 3097 quartae

151 3098 429 3166 decimae
473 3123 675 3187 usque
720 3101 802 3166 ad
847 3123 1188 3188 uesperam
1240 3104 1588 3167 uicesimae
1641 3102 1887 3187 primae
1944 3110 2268 3184 computa-

151 3191 443 3274 uerimus,
493 3190 848 3255 uidebimus
893 3192 1205 3276 profect0,
1256 3192 1430 3276 quod
1473 3193 1566 3254 ita
1595 3192 1730 3256 dies
1763 3198 1991 3274 quarta
2022 3189 2270 3253 decima

154 3297 482 3364 uesperam
516 3301 693 3343 suam
725 3281 790 3343 in
822 3280 971 3344 festi
1001 3278 1319 3367 paschalis
1358 3280 1611 3345 initium
1658 3286 1985 3364 prorogat,
2034 3286 2106 3339 ut
2143 3297 2270 3339 non

153 3368 416 3452 amplius
476 3377 612 3432 tota
668 3391 853 3433 sacra
926 3369 1348 3454 sollemnitas,
1425 3388 1617 3456 quam
1686 3377 1931 3453 septem
1995 3374 2268 3428 tantum-

154 3454 333 3520 modo
378 3465 598 3521 noctes
645 3481 790 3522 cum
835 3457 1103 3522 totidem
1150 3457 1374 3522 diebus
1422 3456 1949 3544 comprehendat:
1998 3453 2166 3516 unde
2206 3463 2270 3517 et

154 3563 300 3608 uera
331 3567 471 3609 esse
516 3545 824 3631 probatur
868 3555 1089 3611 nostra
1134 3544 1448 3627 diffinitio,
1499 3568 1626 3631 qua
1669 3554 1922 3631 tempus
1969 3542 2271 3628 paschale

156 3633 350 3714 primo
397 3656 616 3700 mense
662 3636 813 3699 anni
844 3645 909 3699 et
944 3637 1138 3700 tertia
1183 3636 1318 3698 eius
1365 3632 1769 3699 hebdomada
1815 3631 2270 3697 celebrandum

157 3739 288 3785 6666
341 3722 635 3788 diximus.
729 3722 1063 3789 Veraciter
1119 3725 1288 3790 enim
1333 3727 1526 3788 tertia
1581 3725 1792 3808 agitur
1843 3719 2267 3804 hebdomada,

157 3809 316 3890 quod
345 3834 385 3876 a
414 3834 685 3898 uespera
730 3823 998 3898 quartae
1045 3813 1333 3878 decimae
1379 3813 1508 3878 diei
1552 3814 1777 3897 incipit
1808 3821 1873 3876 et
1903 3813 1969 3876 in
2001 3832 2274 3896 uespera

155 3898 487 3966 uicesimae
532 3904 778 3987 primae
826 3901 1199 3987 completur.
