2723 4326
187 197 283 250 111.
313 196 503 251 9—10.
2188 196 2313 260 119

188 372 290 437 illa
348 374 638 459 corporis
699 371 1113 437 dissolutione
1174 373 1485 455 sentiens,
1545 374 1872 460 postulata
1929 394 2126 459 aqua,
2174 372 2318 460 ipsa

185 462 338 527 lauit
381 463 651 543 faciem,
701 463 908 527 crines
955 464 1340 547 composuit,
1388 472 1583 549 caput
1624 461 1823 527 linteo
1871 462 2202 549 cooperuit
2248 471 2314 526 et

178 573 327 616 cum
369 551 490 634 his,
549 553 661 637 qui
706 573 776 615 se
821 549 1241 633 adduxerant,
1297 573 1453 616 sana
1497 549 1765 638 pedibus
1810 548 2165 615 incedendo
2212 574 2310 615 re-

179 663 367 706 uersa
413 651 528 709 est.

1202 928 1304 993 10.

474 1101 556 1157 Vt
592 1101 805 1173 puluis
843 1102 969 1159 loci
1008 1101 1188 1158 illins
1225 1103 1447 1159 contra
1482 1103 1689 1171 ignem
1724 1102 2025 1159 maluerit.

351 1261 607 1329 Eodem
653 1272 945 1351 tempore
989 1266 1169 1329 uenit
1211 1264 1374 1329 alius
1429 1265 1691 1351 quidam
1724 1263 1803 1331 de
1833 1266 2095 1330 natione
2123 1263 2309 1329 Bret-

171 1365 426 1435 tonum,
474 1362 549 1417 ut
595 1352 829 1435 ferunt,
877 1355 1003 1418 iter
1049 1353 1291 1418 faciens
1336 1356 1519 1420 iuxta
1561 1356 1774 1440 ipsum
1819 1353 2050 1437 locum,
2095 1355 2162 1418 in
2186 1375 2311 1439 quo

175 1442 478 1533 praefata
523 1451 665 1507 erat
708 1464 927 1528 pugna
973 1443 1321 1529 completa3
1374 1452 1438 1508 et
1468 1442 1631 1509 uidit
1662 1444 1847 1509 unius
1877 1444 2003 1509 loci
2032 1444 2312 1529 spatium

177 1542 396 1599 cetero
466 1553 694 1618 campo
764 1530 1031 1596 uiridius
1095 1554 1172 1595 ac
1233 1533 1599 1615 uenustius3
1678 1534 2020 1620 coepitque
2095 1533 2314 1618 sagaci

169 1624 392 1687 animo
440 1621 756 1704 conicere,
803 1619 975 1708 quod
1019 1620 1195 1686 nulla
1240 1630 1412 1685 esset
1456 1622 1583 1687 alia
1626 1644 1820 1686 causa
1862 1621 2159 1687 insolitae
2202 1620 2313 1686 illo

171 1714 240 1776 in
284 1711 431 1775 loco
476 1707 840 1792 uiriditatis,
889 1710 1013 1773 nisi
1059 1711 1208 1795 quia
1254 1710 1495 1775 ibidem
1542 1712 1823 1775 sanctior
1870 1719 2085 1774 cetero
2133 1731 2312 1775 exer-

177 1802 309 1865 citu
354 1800 461 1863 uir
505 1798 736 1885 aliquis
789 1798 1015 1863 fuisset
1074 1798 1468 1865 interfectus.
1563 1798 1745 1864 Tulit
1788 1800 2007 1885 itaque
2054 1797 2134 1863 de
2178 1798 2314 1885 pul·

179 1912 334 1955 uere
387 1897 600 1953 terrae
645 1888 814 1951 illius
861 1910 1080 1953 secum
1110 1887 1387 1974 inligans
1417 1890 1485 1952 in
1513 1889 1733 1969 linte0,
1782 1891 2091 1973 cogitans,
2144 1886 2316 1973 quod

167 1978 464 2042 futurum
495 1985 654 2058 erat,
703 1978 854 2062 quia
893 1975 974 2041 ad
1019 1976 1363 2043 medellam
1406 1975 1870 2041 infirmantium
1902 1976 2074 2041 idem
2104 1976 2315 2064 puluis

181 2065 562 2153 proficeret3
641 2074 708 2129 et
775 2087 1054 2152 pergens
1118 2068 1348 2133 itinere
1414 2087 1528 2131 suo
1595 2068 1891 2153 peruenit
1954 2065 2037 2130 ad
2100 2068 2314 2130 uicum

175 2153 504 2242 quendam
573 2176 845 2242 uespere
912 2156 1306 2243 intrauitque
1353 2157 1419 2220 in
1467 2153 1755 2238 domum,
1816 2156 1885 2220 in
1930 2177 2058 2241 qua
2100 2156 2316 2220 uicani

180 2253 528 2312 caenantes
599 2245 1056 2331 epulabantur3
1129 2255 1196 2310 et
1259 2255 1593 2332 susceptus
1647 2268 1691 2311 a
1734 2244 2009 2309 dominis
2067 2242 2315 2327 domus,

177 2333 424 2401 resedit
470 2342 535 2398 et
579 2334 720 2420 ipse
766 2354 913 2398 cum
960 2335 1052 2400 eis
1098 2335 1180 2400 ad
1226 2336 1623 2417 conuiuium,
1673 2333 2044 2421 adpendens
2088 2332 2315 2398 linteo-

177 2424 309 2489 lum
359 2445 509 2488 cum
554 2422 838 2510 puluere,
887 2445 1079 2510 quem
1124 2421 1464 2506 adtulerat,
1512 2426 1581 2488 in
1626 2445 1755 2489 una
1797 2432 1986 2510 posta
2029 2424 2313 2509 parietis.

181 2510 478 2599 Cumque
524 2510 761 2577 diutius
807 2513 1012 2598 epulis
1059 2523 1255 2599 atque
1300 2513 1603 2580 ebrietati
1648 2521 1982 2595 uacarent,
2042 2533 2316 2577 accenso

179 2602 412 2687 grandi
456 2603 609 2686 igne
652 2603 720 2665 in
766 2600 1006 2685 medio,
1065 2603 1338 2687 contigit
1385 2603 1750 2667 uolantibus
1795 2603 1860 2666 in
1906 2601 2108 2666 altum
2154 2601 2317 2665 scin-

177 2692 332 2756 tillis
383 2689 634 2754 culmen
681 2689 926 2773 domus,
973 2689 1145 2777 quod
1189 2699 1327 2756 erat
1375 2693 1577 2776 uirgis
1615 2700 1989 2756 contextum
2019 2712 2096 2755 ac
2127 2690 2317 2756 foeno

183 2790 449 2864 tectum,
516 2778 867 2844 subitaneis
923 2779 1200 2843 flammis
1241 2779 1514 2865 impleri.
1608 2778 1800 2859 Quod
1846 2803 1993 2845 cum
2050 2789 2318 2866 repente

181 2869 496 2934 conuiuae
541 2877 789 2933 terrore
834 2869 1082 2933 confusi
1130 2871 1605 2956 conspicerent,
1659 2868 1965 2954 fugerunt
2011 2868 2186 2934 foras
2229 2868 2322 2932 nil

181 2959 440 3025 ardenti
492 2955 710 3022 domui
757 2965 822 3022 et
852 2958 1242 3043 iamiamque
1287 2959 1611 3044 periturae
1656 2958 1962 3045 prodesse
2007 2959 2316 3024 ualentes.

179 3046 542 3114 Consumta
589 3067 745 3131 ergo
793 3043 988 3112 domu
1032 3045 1330 3132 flammis,
1378 3057 1565 3133 posta
1611 3046 2029 3132 solummodO,
2076 3051 2143 3114 in
2193 3068 2320 3132 qua

183 3137 394 3222 puluis
440 3135 552 3200 ille
598 3135 878 3198 inclusus
923 3133 1249 3221 pendebat
1265 3184 1284 3218 ,
1348 3145 1491 3200 tuta
1534 3134 1616 3200 ab
1662 3135 1920 3220 ignibus
1967 3146 2035 3201 et
2078 3139 2320 3199 intacta

183 3226 512 3292 remansit.
606 3221 752 3301 Qua
802 3225 942 3287 uisa
1013 3225 1255 3289 uirtute
1317 3226 1533 3290 mirati
1578 3234 1727 3289 sunt
1779 3223 1997 3306 ualde3
2068 3234 2133 3288 et
2178 3245 2320 3310 per-

181 3317 516 3400 quirentes
561 3312 890 3395 subtilius,
939 3313 1354 3395 inuenerunt,
1405 3315 1557 3400 quia
1601 3311 1679 3378 de
1725 3313 1833 3379 illo
1876 3312 2017 3376 loco
2066 3311 2319 3378 adsum—

185 3413 284 3468 tus
331 3412 475 3468 erat
519 3399 758 3488 puluis,
805 3401 919 3466 ubi
967 3403 1142 3486 regis
1175 3399 1449 3468 Osualdi
1498 3403 1759 3487 sanguis
1804 3402 2014 3466 fuerat
2058 3402 2316 3466 effusus.

187 3491 436 3570 Quibus
498 3489 842 3576 patefactis
889 3511 965 3555 ac
1010 3490 1358 3556 diffamatis
1403 3491 1597 3578 longe
1655 3493 1911 3577 lateque
1968 3489 2317 3574 miraculis,

183 3583 370 3648 multi
415 3601 538 3667 per
581 3578 716 3644 dies
761 3579 975 3644 locum
1042 3579 1453 3666 frequentare
1499 3580 1681 3646 illum
1727 3590 1793 3646 et
1838 3581 2185 3645 sanitatum
2227 3580 2322 3646 ibi

177 3674 464 3757 gratiam
513 3689 746 3755 capere
793 3668 916 3733 sibi
962 3671 1218 3756 suisque
1263 3679 1632 3757 coeperunt.
