2723 4326
177 230 272 283 111.
315 232 543 286 16—17.
771 242 783 251 ·
2193 233 2319 297 129

178 416 446 473 conatus
494 418 627 473 est:
675 408 1086 493 discissisque
1131 406 1380 489 uiculis,
1429 429 1599 494 quos·
1620 409 1687 471 in
1719 408 1953 471 uicinia
1998 408 2176 473 urbis
2223 410 2317 473 in-

178 498 378 582 uenit,
411 494 680 563 aduexit
709 496 815 562 illo
846 496 1194 583 plurimam
1227 498 1599 580 congeriem
1629 498 1933 579 trabium,
1966 498 2317 583 tignorum,

176 588 500 672 parietum
546 588 921 672 uirgeorum
955 595 1019 650 et
1049 587 1202 651 tecti
1252 585 1443 667 fenei,
1500 596 1565 651 et
1594 584 1693 649 his
1724 586 1953 651 urbem
1983 587 2050 651 in
2079 608 2319 671 magna

178 674 520 739 altitudine
567 675 988 740 circumdedit
1032 697 1074 739 a
1113 684 1316 760 parte,
1369 696 1536 760 quae
1582 686 1793 739 terrae
1841 684 1939 739 est
1985 677 2319 759 contigua:

175 773 244 827 et
289 764 443 829 dum
491 773 758 828 uentum
805 772 1191 851 oportunum
1237 772 1562 846 cerneret,
1610 764 1807 827 inlato
1856 766 2010 847 igne
2058 765 2317 829 combu-

178 876 324 917 rere
370 853 600 917 urbem
642 856 820 918 nisus
867 862 984 917 est.
1077 851 1221 932 Quo
1266 862 1560 940 tempore
1607 855 2161 918 reuerentissimus
2208 876 2319 917 an-

175 944 360 1007 tistes
406 940 623 1007 Aidan
668 944 734 1006 in
779 942 988 1007 insula
1021 942 1255 1027 Farne,
1305 963 1470 1028 quae
1518 942 1765 1007 duobus
1813 942 2016 1007 ferme
2062 942 2321 1007 milibus

177 1052 486 1117 passuum
547 1031 630 1095 ab
689 1032 851 1095 urbe
911 1031 1133 1118 procul
1192 1031 1409 1115 abest,
1480 1030 1873 1096 morabatur.
1966 1030 2089 1095 Illo
2152 1033 2321 1095 enim

177 1122 437 1206 saepius
487 1129 776 1185 secretae
825 1122 1131 1184 orationis
1179 1129 1244 1185 et
1289 1120 1526 1185 silentii
1574 1142 1769 1185 causa
1814 1119 2117 1185 secedere
2171 1142 2319 1184 con-

175 1218 430 1291 suerat3
502 1208 778 1295 denique
824 1231 1028 1295 usque
1073 1208 1264 1273 hodie
1311 1209 1523 1275 locum
1570 1209 1739 1274 sedis
1783 1210 1954 1274 illius
2002 1210 2321 1273 solitariae

177 1300 246 1363 in
293 1298 524 1363 eadem
567 1300 774 1363 insula
821 1299 1026 1363 solent
1071 1296 1429 1363 ostendere.
1494 1296 1623 1377 Qui
1662 1320 1809 1363 cum
1853 1300 2063 1363 uentis
2110 1299 2321 1363 feren-

177 1388 354 1451 tibus
401 1387 628 1472 globos
676 1388 843 1471 ignis
892 1410 969 1451 ac
1014 1388 1262 1451 fumum
1309 1409 1503 1473 supra
1548 1409 1767 1451 muros
1814 1388 1991 1452 urbis
2052 1388 2323 1452 exaltari

178 1478 603 1562 conspiceret,
653 1476 862 1541 fertur
907 1477 1172 1541 eleuatis
1222 1474 1303 1540 ad
1349 1475 1603 1541 caelum
1651 1477 1853 1541 oculis
1900 1478 2324 1562 manibusque

177 1587 328 1629 cum
377 1564 661 1629 lacrimis
707 1564 976 1631 dixisse:
1045 1563 1264 1647 ‘Vide,
1327 1564 1616 1648 domine,
1667 1574 1927 1650 quanta.
1952 1566 2125 1631 mala
2170 1566 2325 1631 facit

177 1654 448 1719 Panda!
515 1652 658 1731 Quo
720 1655 894 1720 dicto
955 1656 1175 1720 statim
1237 1654 1469 1718 mutati
1515 1654 1599 1719 ab
1646 1655 1809 1719 urbe
1854 1656 2033 1719 uenti
2080 1656 2144 1718 in
2193 1678 2323 1737 eOS,

178 1746 294 1826 qui
337 1742 794 1822 accenderant,
847 1742 1253 1808 flammarum
1300 1742 1599 1807 incendia
1644 1752 2067 1825 retorserunt,
2113 1744 2207 1807 ita
2251 1754 2325 1807 ut

178 1834 430 1918 aliquot
475 1832 654 1915 laesi,
704 1854 926 1897 omnes
973 1834 1181 1897 territi
1227 1834 1589 1918 inpugnare
1624 1831 1797 1896 ultra
1841 1832 2069 1896 urbem
2117 1854 2321 1897 cessa-

179 1931 349 2005 rent,
399 1944 596 2008 quam
643 1921 950 1987 diuinitus
994 1922 1202 1987 iuuari
1249 1929 1704 2005 cognouerant.

1201 2154 1301 2219 17.

178 2313 259 2368 vt
297 2312 560 2382 apposta
598 2311 932 2378 ecclesiae,
984 2310 1088 2366 cui
1126 2310 1288 2366 idem
1325 2309 1695 2366 adcumbens
1735 2309 2013 2377 obierat,
2064 2271 2324 2365 ardente

177 2403 394 2458 cetera
431 2401 632 2468 domo,
671 2400 933 2455 flammis
971 2399 1208 2457 absumi
1247 2400 1612 2468 nequiuerit
1622 2416 1644 2468 3
1686 2399 1751 2454 et
1790 2399 1863 2454 (le
1902 2399 2155 2455 interna
2191 2399 2329 2454 uita

1180 2489 1338 2545 eius-

361 2633 560 2698 Hunc
632 2654 777 2696 cum
845 2632 982 2696 dies
1051 2634 1277 2697 mortis
1349 2631 1576 2716 egredi
1625 2653 1661 2695 e
1709 2652 1979 2716 corpore
2046 2639 2327 2713 cogeret,

183 2722 526 2808 completis
586 2724 769 2786 annis
831 2722 1234 2808 episcopatus
1281 2723 1380 2785 sui
1427 2720 1627 2805 XVI,
1678 2721 1753 2790 <
1778 2728 1919 2784 erat
1942 2725 2015 2796 >
2062 2721 2130 2783 in
2174 2718 2329 2782 uilla

183 2811 374 2896 regia
415 2833 548 2875 non
592 2810 786 2894 longe
833 2811 917 2876 ab
958 2812 1138 2895 urbe,
1187 2809 1267 2874 de
1299 2832 1428 2896 qua
1472 2810 1750 2896 praefati
1797 2832 2034 2874 sumus.
2095 2807 2176 2872 In
2208 2807 2327 2872 hac

183 2903 360 2964 enim
403 2900 654 2966 habens
719 2900 1058 2964 ecclesiam
1107 2908 1170 2964 et
1216 2900 1582 2964 cubiculum
1642 2900 1896 2988 saepius
1942 2897 2183 2964 ibidem
2230 2897 2322 2962 di-

183 2991 358 3054 uerti
412 3012 492 3054 ac
549 3011 813 3054 manere
882 2998 1076 3074 atque
1136 2987 1285 3053 inde
1351 2988 1434 3053 ad
1491 2987 1995 3076 praedicandum
2057 2989 2324 3052 circum-

183 3100 445 3165 quaque
509 3079 687 3142 exire
748 3086 1200 3162 consueuerat3
1261 3077 1433 3164 quod
1490 3082 1704 3164 ipsum
1752 3089 1817 3144 et
1862 3079 1928 3141 in
1974 3077 2116 3141 aliis
2162 3074 2328 3139 uillis

183 3168 364 3253 regis
410 3167 628 3232 facere
675 3166 943 3250 solebat,
991 3176 1218 3254 utpote
1248 3168 1342 3231 nil
1386 3169 1686 3253 propriae
1733 3165 2172 3254 possessionis,
2222 3185 2329 3226 ex·

185 3265 381 3342 cepta
441 3255 715 3320 ecclesia
775 3277 890 3320 sua
937 3265 1002 3320 et
1046 3255 1489 3321 adiacentibus
1548 3256 1772 3340 agellis
1836 3253 2101 3319 habens,
2198 3249 2325 3316 Te·

183 3344 539 3410 tenderunt
600 3365 756 3430 ergo
803 3347 864 3409 ei
926 3347 1290 3428 aegrotanti
1349 3346 1694 3409 tentorium
1740 3343 1823 3410 ad
1870 3341 2329 3407 occidentalem

185 3434 504 3499 ecclesiae
548 3442 825 3519 partem,
874 3435 968 3498 ita
996 3442 1069 3497 ut
1100 3437 1314 3520 ipsum
1358 3434 1708 3498 tentorium
1752 3433 1984 3520 parieti
2030 3431 2329 3496 haereret

185 3524 523 3589 ecclesiae.
619 3521 807 3586 Vnde
861 3522 1105 3588 factum
1152 3533 1278 3605 est,
1344 3531 1417 3587 ut
1462 3521 1743 3587 adclinis·
1777 3521 2093 3604 destinae,
2162 3540 2329 3604 quae

185 3613 594 3678 extrinsecus
625 3611 934 3676 ecclesiae
965 3633 1082 3697 pro
1116 3613 1467 3676 munimine
1498 3621 1638 3674 erat
1668 3609 1980 3697 adposita,
2029 3609 2330 3696 spiritum

183 3704 364 3766 uitae
421 3701 758 3766 exhalaret
819 3700 1138 3765 ultimum.
1232 3697 1416 3766 Obiit
1474 3707 1687 3763 autem
1750 3699 2020 3786 septimo
2082 3696 2329 3763 decimo

185 3792 604 3877 episcopatus
667 3791 767 3854 sui
825 3811 1023 3872 anno,
1082 3787 1288 3876 pridie
1333 3786 1775 3853 Kalendarum
1826 3786 2327 3874 Septembrium.

183 3880 391 3946 Cuius
435 3900 672 3965 corpus
719 3901 871 3942 mox
915 3878 1064 3943 inde
1109 3877 1493 3944 translatum
1537 3875 1618 3942 ad
1664 3877 1942 3944 insulam
1974 3876 2328 3943 Lindisfar-

354 3985 534 4026 Baedae
561 3985 672 4025 hist.
703 3983 816 4024 6661.
1979 3985 2011 4038 9
