2723 4326
444 237 571 301 196
2195 238 2320 291 ΙΙΠ.
2362 238 2596 295 18-19,

441 413 655 498 spitio‚
703 433 851 475 cum
882 410 1275 476 Brittaniam
1306 413 1453 495 iret,
1504 422 1812 499 exceptus
1843 422 1941 477 est
1987 424 2382 502 rogatusque
2431 416 2594 479 mul-

437 511 579 566 tum
623 522 663 564 a
707 499 1036 583 fratribus,
1084 510 1157 565 ut
1196 500 1474 565 Romam
1516 511 1850 567 reuertens
1893 502 2007 567 illo
2053 505 2288 568 itinere
2333 506 2596 569 ueniret

435 600 630 677 atque
674 590 759 654 ad
803 611 946 655 eam
993 588 1347 654 diuerteret
1392 591 1750 655 ecclesiam.
1837 590 2141 677 Denique
2185 593 2440 659 ibidem
2485 594 2594 659 ad-

434 681 680 744 iutores
725 680 977 743 itineris
1022 688 1088 744 et
1133 680 1408 743 iniuncti
1455 682 1667 765 operis
1713 682 1992 767 accepit:
2043 683 2154 767 qui
2201 685 2330 746 etsi
2375 684 2445 747 in
2494 684 2594 746 iti-

435 790 594 834 nere
625 766 967 833 defunctus
1000 776 1119 851 est,
1166 767 1581 833 nihilominus
1627 768 1996 855 exemplum
2043 772 2408 837 catholicae
2440 770 2593 837 fidei

436 856 805 943 Anglorum
863 857 1143 922 Romam
1214 858 1540 943 perlatum
1606 866 1706 922 est
1719 908 1738 941 ‚
1813 868 2008 945 atque
2075 859 2159 923 ab
2227 862 2590 946 apostolico

437 969 609 1034 papa
654 944 1105 1099 ffmbusque,
1173 967 1285 1032 qui
1330 945 1593 1012 audiere
1636 947 1745 1012 uel
1788 947 2036 1032 legere,
2098 951 2592 1034 gratantissime

438 1057 664 1123 suscep
743 1058 827 1105 m.

1368 1268 1450 1331 19
1499 1263 1655 1353 [17].

441 1425 522 1481 vt
557 1424 893 1492 Emthryd
928 1423 1153 1491 regina
1186 1424 1376 1491 uirgo
1411 1426 1717 1494 perpetua
1752 1425 2202 1495 permanserit,
2251 1428 2438 1483 cuius
2479 1442 2592 1483 nec

776 1526 1003 1582 corpus
1042 1513 1111 1568 ln
1148 1514 1540 1569 monumento
1577 1514 1894 1584 corrumpi
1930 1515 2238 1584 potuerit.

613 1655 888 1744 Accepit
931 1665 1150 1721 autem
1192 1678 1312 1720 rex
1356 1655 1630 1742 Ecgfrid
1676 1659 2023 1742 coniugem
2065 1660 2329 1723 nomine
2361 1658 2588 1725 Aedil-

436 1744 763 1833 thrydam‚
810 1746 1015 1810 filiam
1057 1744 1251 1809 Anna
1294 1747 1470 1829 reg-is
1509 1742 1936 1811 Orientalium
1966 1744 2352 1832 Anglorum,
2400 1752 2585 1813 cuius

438 1838 693 1923 saepius
739 1837 1135 1900 mentionem
1199 1834 1500 1917 fecimus,
1569 1836 1696 1899 uiri
1753 1836 1920 1901 bene
1977 1836 2270 1921 religiosi
2337 1860 2418 1901 ac
2470 1860 2587 1925 per

439 1928 657 1991 omnia
700 1933 917 1989 mente
962 1932 1027 1988 et
1074 1945 1271 2011 opere
1316 1924 1602 2007 egregii}
1648 1946 1844 2010 quam
1891 1933 1961 1990 et
2003 1924 2169 1990 alter
2213 1935 2367 1991 ante
2396 1928 2586 1992 illum

436 2016 539 2079 uir
582 2014 899 2078 habuerat
942 2035 1212 2077 uxorem
1222 2061 1241 2095 ,
1297 2014 1598 2099 princeps
1641 2011 1944 2078 uidelicet
1971 2013 2375 2079 Australium
2409 2014 2585 2081 Gur-

436 2106 691 2170 uiorum
766 2102 1083 2169 uocabulo
1150 2099 1542 2168 Tondberct.
1644 2100 1778 2169 Sed
1838 2102 1952 2168 illo
2030 2112 2178 2191 post
2250 2102 2586 2171 modicum

436 2195 777 2280 temporis,
844 2215 927 2258 ex
973 2213 1100 2277 quo
1147 2213 1293 2257 eam
1344 2193 1628 2278 accepit,
1699 2190 2029 2277 defuncto,
2093 2193 2248 2258 data
2291 2203 2392 2258 est
2441 2196 2585 2280 regi

436 2283 761 2371 praefato:
831 2283 1013 2346 cuius
1076 2283 1394 2346 consortio
1441 2303 1588 2344 cum
1630 2281 1775 2346 ΧΠ
1819 2283 2002 2346 annis
2048 2291 2365 2365 uteretur,
2439 2306 2584 2370 per-

435 2382 637 2460 petua
665 2381 888 2437 tamen
916 2372 1155 2434 mansit
1196 2370 1590 2455 uirginitatis
1633 2372 2007 2455 integritate
2053 2372 2362 2455 gloriosa3
2413 2376 2585 2438 sicut

438 2462 731 2527 mihimet
776 2461 1153 2540 sciscitanti,
1184 2480 1329 2523 cum
1360 2459 1504 2542 hoc,
1551 2482 1635 2524 an
1656 2462 1748 2524 ita
1791 2469 1984 2543 esset,
2031 2460 2420 2546 quibusdam
2469 2485 2580 2528 ue·

432 2554 636 2616 nisset
678 2549 747 2613 in
793 2548 1077 2633 dubium,
1132 2548 1364 2613 beatae
1408 2549 1761 2614 memoriae
1806 2545 2044 2615 Vilfrid
2090 2552 2432 2637 episcopus
2480 2574 2578 2616 re-

433 2640 707 2723 ferebat,
742 2637 960 2703 dicens
980 2660 1050 2701 se
1076 2646 1314 2702 testem
1342 2639 1736 2720 integritatis
1769 2639 1906 2702 eius
1939 2660 2081 2702 esse
2112 2641 2578 2704 certissimum:

435 2729 597 2794 adeo
642 2737 715 2792 ut
760 2726 1109 2813 Ecgfridus
1172 2727 1543 2812 promiserit
1606 2749 1675 2790 se
1744 2727 1806 2790 ei
1869 2735 2079 2790 terras
2145 2749 2226 2791 ac
2269 2731 2578 2816 pecunias

436 2817 673 2881 multas
720 2839 859 2882 esse
907 2814 1315 2898 donaturum,
1360 2817 1416 2879 si
1445 2816 1712 2901 reginae
1744 2824 1960 2900 posset
2003 2817 2395 2901 persuadere
2443 2819 2577 2882 eius

437 2907 534 2970 uti
578 2905 885 2989 conubi0,
947 2907 1098 2990 quia
1143 2905 1389 2970 sciebat
1435 2904 1610 2969 illam
1653 2904 1900 2968 nullum
1941 2906 2230 2968 uirorum
2274 2907 2422 2993 plus
2469 2907 2575 2972 illo

437 2994 730 3079 diligere.
822 2993 965 3059 Nec
1032 2992 1454 3059 diffidendum
1499 3003 1600 3058 est
1645 3002 1866 3058 nostra
1909 2995 2109 3058 ctiam
2153 3002 2369 3059 aetate
2433 2995 2577 3060 fieri

436 3085 744 3170 potuisse,
795 3083 969 3170 quod
998 3105 1161 3148 aeuo
1206 3081 1635 3168 praecedente
1678 3082 2016 3168 aliquoties
2061 3083 2309 3148 factum
2354 3082 2575 3149 fideles

434 3174 747 3238 historiae
792 3181 1085 3238 narrant:
1137 3172 1418 3237 donante
1457 3194 1586 3237 uno
1633 3169 1988 3258 eodemque
2035 3169 2316 3257 domino,
2366 3174 2478 3259 qui
2510 3195 2574 3237 se

436 3263 773 3328 nobiscum
816 3283 1021 3348 usque
1050 3263 1118 3325 in
1146 3259 1343 3326 finem
1389 3261 1629 3326 saeculi
1672 3283 1934 3326 manere
1979 3260 2340 3347 pollicetur.
2401 3261 2571 3328 Nam

438 3354 637 3417 ctiam
684 3353 944 3434 signum
988 3349 1191 3415 diuini
1256 3350 1582 3432 miraculi,
1652 3372 1776 3436 quo
1823 3350 2109 3415 eiusdem
2155 3351 2436 3416 feminae
2481 3375 2572 3416 se·

435 3442 621 3528 pulta
666 3462 816 3506 caro
864 3441 1191 3526 corrumpi
1234 3461 1364 3504 non
1410 3442 1649 3526 potuit,
1716 3437 1950 3504 indicio
1998 3449 2117 3523 est,
2168 3440 2320 3526 quia
2365 3463 2404 3504 a
2449 3441 2569 3505 uiri

437 3538 740 3595 contactu
785 3531 1159 3617 incorrupta
1204 3526 1553 3594 durauerit.

615 3617 801 3696 Quae
843 3619 1120 3683 multum
1166 3617 1278 3682 diu
1319 3639 1546 3703 regem
1590 3617 1944 3705 postulans,
1993 3626 2065 3682 ut
2111 3619 2350 3683 saeculi
2390 3640 2568 3684 curas

438 3706 805 3793 relinquere
850 3717 1047 3793 atque
1091 3709 1159 3772 in
1203 3709 1611 3790 monasterio,
1657 3716 1910 3771 tantum
1954 3729 2110 3772 uero
2141 3710 2287 3792 regi
2317 3706 2567 3773 Christo

440 3797 685 3858 seruire
750 3800 1264 3882 permitteretur3
1330 3797 1446 3862 ubi
1489 3798 1600 3860 uix
1646 3794 1988 3881 aliquando
2033 3797 2413 3882 inpetrauit,
2481 3798 2565 3860 in·

441 3883 642 3946 trauit
696 3887 1158 3948 monasterium
1203 3885 1475 3952 Aebbae
1521 3885 1914 3969 abbatissae,
1979 3906 2144 3971 quae
2191 3895 2331 3950 erat
2375 3887 2564 3950 amita
