2723 4326
369 168 496 231 124
1702 250 1709 257 ι
2276 164 2371 217 111.
2413 164 2505 219 13⁶

363 341 751 428 Scottorum,
797 339 1020 407 doctus
1051 342 1310 430 quidem
1353 344 1454 407 uir
1500 343 1710 409 studio
1754 342 2142 425 litterarum,
2192 338 2304 406 sed
2338 363 2519 427 erga-

364 455 584 497 curam
639 442 990 518 perpetuae
1038 455 1190 499 suae
1245 432 1617 497 saluationis
1674 431 1833 495 nihil
1880 433 2139 495 omnino
2186 430 2383 495 studii
2428 440 2511 495 et-

361 520 710 587 industriae
764 544 1026 607 gerens3
1089 524 1199 608 qui
1246 544 1393 586 cum
1440 544 1509 586 se
1552 523 1745 585 morti
1799 522 2164 606 proximum
2224 518 2512 603 uideret„

361 612 596 675 timere
655 612 867 697 coepit
936 621 1002 675 et
1058 632 1326 697 pauere‚
1393 632 1476 675 ne
1534 632 1687 675 mox
1746 620 2035 674 mortuus
2110 608 2193 673 ob
2260 610 2493 673 merita

363 700 676 765 scelerum
709 698 794 765 ad
833 700 1068 764 inferni
1127 700 1409 765 claustra
1466 707 1832 785 raperetur,
1894 698 2325 783 clamauitque
2370 719 2511 781 me,

364 810 512 854 cum
573 810 776 853 essem
836 790 902 853 in
965 790 1196 853 uicinia
1254 790 1533 875 positus,
1606 797 1670 852 et
1726 789 1895 851 inter
1952 808 2151 871 aegra
2208 797 2497 851 tremens

363 878 637 963 suspiria
697 876 892 942 flebili
937 900 1095 941 uoce
1153 878 1311 943 talia
1368 899 1620 942 mecum
1686 876 2102 962 querebatur:
2176 872 2507 962 „Vides,“·

363 968 569 1053 inquit
633 968 821 1053 „quia
879 968 1264 1053 iamiamque
1325 974 1654 1030 crescente
1714 967 2002 1051 corporis
2057 965 2351 1029 molestia
2408 962 2496 1027 ad

364 1054 702 1120 articulum
769 1054 1138 1120 subeundae
1195 1056 1423 1119 mortis
1486 1054 1861 1141 compellor3
1930 1076 2051 1119 nec
2110 1052 2333 1118 dubito
2390 1074 2515 1118 me·

363 1153 511 1231 post
555 1154 831 1209 mortem
875 1146 1162 1231 corporis
1209 1145 1428 1208 statim
1474 1140 1573 1208 ad·
1601 1151 1983 1230 perpetuam
2035 1144 2285 1206 animae
2330 1163 2499 1205 mor-

363 1244 494 1298 tem
537 1230 917 1319 rapiendum
962 1254 1040 1297 ac
1070 1233 1491 1298 infernalibus
1524 1230 1923 1296 subdendum
1954 1254 2095 1297 esse
2126 1232 2466 1296 tormentis
2480 1254 2511 1295 z.

365 1325 474 1408 qui
534 1331 830 1409 tempore
889 1344 1020 1385 non
1086 1343 1292 1408 pauco
1357 1323 1525 1385 inter
1590 1320 1803 1385 studia
1868 1320 2123 1385 diuinae
2202 1320 2502 1385 lectionis-

363 1412 667 1475 uitiorum
711 1411 923 1496 potius
967 1410 1462 1496 inplicamentis,
1511 1431 1705 1496 quam
1753 1408 1989 1474 diuinis
2035 1409 2329 1475 solebam
2368 1430 2503 1473 ser-

365 1501 504 1563 uire
547 1498 882 1563 mandati&
946 1498 1128 1564 Inest
1157 1508 1375 1564 autem
1421 1501 1656 1581 animo,
1705 1501 1760 1562 si
1791 1498 1949 1563 mihi
1980 1500 2187 1585 pietas
2220 1520 2501 1585 superna

364 1590 580 1674 aliqua
623 1587 885 1653 uiuendi
931 1582 1142 1674 spatia
1188 1587 1543 1671 donauerit,
1604 1590 1866 1652 uitiosos
1913 1610 2124 1653 mores
2172 1589 2516 1673 corrigere-

364 1688 560 1763 atque
605 1677 687 1742 ad
732 1679 1072 1765 imperium
1133 1675 1388 1743 diuinae
1437 1671 1793 1742 'uoluntatis
1852 1686 2056 1741 totam
2113 1698 2194 1741 ex
2240 1678 2507 1761 integro

364 1776 645 1831 mentem
692 1768 1022 1853 uitamque
1067 1766 1435 1832 transferre.
1531 1765 1777 1831 Verum
1821 1768 1973 1830 noui
2017 1787 2146 1830 non
2190 1764 2313 1831 hoc
2358 1788 2503 1829 esse

363 1858 580 1919 meriti
625 1857 772 1941 mei,
819 1864 892 1920 ut
937 1854 1226 1920 inducias
1273 1853 1537 1921 uiuendi
1582 1856 1686 1919 uel
1732 1856 2043 1941 accipiam
2090 1853 2199 1919 uel
2243 1876 2347 1918 me
2393 1876 2501 1919 ac—

365 1953 702 2030 cepturum
749 1966 888 2009 esse
933 1944 1270 2028 confidam,
1319 1946 1443 2009 nisi
1476 1944 1643 2007 forte
1675 1945 1909 2008 misero
1942 1943 2099 2008 mihi
2132 1953 2197 2009 et
2228 1942 2509 2027 indigno

363 2036 555 2099 uenia
606 2056 723 2119 per
784 2034 1092 2099 auxilium
1157 2056 1408 2118 eorum,
1474 2034 1585 2118 qui
1630 2033 1724 2096 illi
1782 2030 2055 2098 fideliter
2114 2034 2496 2115 seruierunt,

362 2124 700 2210 propitiari
759 2120 1060 2208 dignatus
1119 2122 1334 2189 fuerit.
1427 2120 1813 2186 Audiuimus
1876 2130 2125 2200 autem,
2191 2130 2257 2187 et
2320 2121 2509 2187 fama

365 2213 786 2296 creberrima,
852 2214 1003 2298 quia
1061 2213 1258 2277 fuerit
1314 2214 1384 2276 in
1439 2220 1636 2295 gente
1701 2221 1919 2276 uestra
1979 2235 2097 2276 rex
2163 2208 2504 2276 mirandae·

363 2302 722 2366 sanctitatis
770 2301 1078 2366 uocabulo
1127 2299 1393 2381 Osuald,
1444 2303 1622 2364 cuius
1670 2300 2049 2365 excellentia
2094 2297 2245 2364 fidei
2277 2309 2343 2364 et
2372 2301 2503 2364 uir-

363 2393 541 2471 tutis,
582 2393 776 2454 etiam
805 2399 950 2476 post
978 2399 1273 2475 mortem,
1319 2393 1632 2455 uirtutum
1664 2389 2095 2474 frequentium
2128 2391 2517 2475 operatione

363 2479 694 2554 claruerit3
743 2499 1115 2564 precorque,
1165 2481 1218 2542 si
1250 2477 1492 2564 aliquid
1539 2478 1959 2564 reliquiarum
1986 2478 2157 2543 illius
2201 2499 2399 2564 penes
2432 2487 2507 2542 te

361 2566 582 2653 habes,
639 2565 894 2634 adferas
939 2566 1115 2652 mihi,
1165 2569 1220 2632 si
1265 2568 1433 2633 forte
1477 2566 1636 2632 mihi
1682 2567 1975 2632 dominus
2020 2589 2139 2654 per
2184 2569 2320 2630 eius
2366 2588 2501 2630 me—

361 2659 558 2720 ritum
604 2658 896 2721 misereri
941 2653 1275 2722 uoluerit.“
1351 2655 1444 2721 At
1490 2678 1611 2742 ego
1656 2655 1984 2742 respondi:
2040 2653 2309 2742 „Habeo
2356 2657 2511 2740 qui--

365 2743 514 2809 dem
546 2744 626 2810 de
657 2747 854 2829 ligno,
902 2747 966 2808 in
999 2767 1124 2831 quo
1174 2755 1368 2832 caput
1414 2746 1549 2810 eius
1594 2747 1787 2810 o’ccisi
1834 2768 1872 2809 a
1914 2746 2182 2832 paganis
2227 2741 2505 2809 infixum

365 2842 491 2916 est3
555 2843 647 2914 et,
711 2835 765 2898 si
822 2833 1007 2898 firmo
1055 2833 1249 2900 corde
1296 2833 1677 2917 credideris,
1739 2843 1952 2921 potest
2013 2833 2230 2898 diuina
2290 2835 2513 2919 pietas

362 2943 480 3008 per
543 2923 708 2986 tanti
777 2925 1078 2988 meritum
1149 2925 1271 2986 uiri
1332 2932 1398 2987 et
1454 2923 1641 2987 huius
1700 2925 1872 2988 uitae
1934 2925 2144 3010 spatia
2204 2923 2514 3006 longiora.

364 3007 720 3076 concedere
751 3021 816 3076 et
846 3015 1144 3095 ingressu
1174 3022 1240 3077 te
1279 3013 1454 3077 uitae
1500 3013 1803 3098 perennis
1850 3011 2115 3096 dignum
2160 3008 2506 3075 reddere.“

362 3099 504 3164 Nec
563 3110 848 3166 moratus
914 3101 1020 3166 ille
1078 3103 1400 3186 integram
1448 3123 1517 3166 se
1563 3104 1630 3165 in
1675 3101 1796 3164 hoc
1856 3100 2096 3166 habere
2154 3097 2347 3164 fidem
2389 3121 2493 3164 re-

363 3188 740 3275 spondebat.

543 3278 729 3342 Tunc
789 3277 1091 3343 benedixi
1149 3301 1413 3364 aquam,
1476 3289 1541 3343 et
1588 3277 1861 3342 astulam
1924 3275 2173 3341 roboris
2218 3275 2503 3362 praefati

362 3367 690 3432 inmittens
761 3367 962 3432 obtuli
1024 3389 1223 3452 aegro
1292 3367 1667 3455 potandum.
1779 3365 1923 3430 Nec
1990 3388 2203 3449 mora,
2268 3365 2513 3428 melius

362 3453 602 3522 habere
651 3457 880 3542 coepit,
931 3465 998 3521 et
1043 3457 1497 3522 conualescens
1529 3455 1612 3520 ab
1643 3453 2034 3538 infirmitate,
2082 3455 2283 3518 multo
2318 3451 2502 3518 dein-

365 3565 516 3630 ceps
584 3555 875 3630 tempore
939 3547 1129 3629 uixit3
1196 3554 1462 3632 totoque
1524 3544 1607 3609 ad
1671 3541 1860 3608 deum
1926 3541 2118 3608 corde
2178 3551 2243 3607 et
2304 3565 2513 3628 opere

364 3653 708 3696 conuersus
764 3634 1056 3698 omnibus
1066 3685 1084 3717 ,
1143 3635 1534 3721 ubicumque
1580 3632 2027 3720 perueniebat,
2089 3631 2503 3697 clementiam

362 3721 454 3805 pii
500 3719 846 3785 conditoris
894 3731 960 3786 et
1003 3721 1207 3787 fidelis
1256 3726 1391 3788 eius
1436 3721 1660 3788 famuli
1708 3721 1981 3806 gloriam
2027 3718 2506 3807 praedicabat?
