2723 4326
377 218 507 282 148
2304 215 2401 268 111.
2439 217 2525 270 25.

371 393 616 460 habens
664 389 1045 457 eruditionis
1093 391 1500 458 Christianae
1546 391 1900 457 Vilfridum
1962 393 2173 457 uirum
2234 392 2528 459 doctissi-

371 505 552 547 mum
607 481 784 564 (nam
830 489 896 546 et
940 480 1215 546 Romam
1260 483 1439 568 prius
1497 491 1763 568 propter
1806 480 2169 546 doctrinam
2217 482 2524 547 ecclesia·

370 573 602 636 sticam
648 568 899 635 adierat
946 579 1012 635 et
1058 570 1230 657 apud
1275 569 1607 636 Dalfinum
1653 569 2211 658 archiepiscopum
2263 569 2522 637 Gallia·

371 681 516 726 rum
561 657 863 744 Lugdoni
907 659 1183 724 multum
1229 662 1540 748 temporis
1588 668 1831 744 egerat,
1881 682 1920 724 a
1957 681 2085 745 quo
2136 662 2337 725 etiam
2384 670 2525 725 ton-

371 771 561 814 surae
608 747 1082 814 ecclesiasticae
1128 770 1431 814 coronam
1470 747 1890 836 susceperat),
1938 748 2126 813 huius
2158 747 2521 815 doctrinam

373 839 669 903 omnibus
715 835 1088 902 Scottorum
1133 836 1587 903 traditionibus
1635 839 1774 904 iure
1820 837 2314 924 praeferendam
2362 841 2519 904 scie-

372 927 514 992 bat:
578 926 746 991 unde
795 927 853 992 ei
901 929 1094 991 etiam
1149 925 1502 992 donauerat
1563 928 2027 992 monasterium
2071 924 2200 992 XL
2246 928 2521 993 familia-

373 1039 520 1080 rum
549 1017 618 1081 in
647 1015 808 1098 1000,
857 1017 968 1101 qui
1000 1015 1234 1080 dicitur
1265 1014 1649 1103 Inhrypum.
1712 1015 1923 1096 Quem
1967 1015 2273 1081 uidelicet
2309 1018 2525 1082 locum

372 1105 563 1192 paulo
610 1114 762 1170 ante
809 1106 921 1188 eis,
971 1107 1080 1190 qui
1127 1103 1383 1172 Scottos
1430 1106 1879 1193 sequebantur,
1927 1107 1994 1170 in
2041 1107 2524 1192 possessionem

372 1195 745 1259 monasterii
801 1192 1086 1258 dederat.
1181 1192 1312 1261 Sed
1370 1197 1521 1281 quia
1571 1194 1666 1258 illi
1719 1194 2133 1280 postmodum
2188 1193 2340 1260 data
2398 1195 2525 1260 sibi

374 1286 639 1370 optione
685 1283 894 1366 magis
939 1283 1080 1348 loco
1127 1281 1360 1348 cedere
1407 1306 1599 1370 quam
1654 1305 1835 1348 suam
1881 1291 2134 1348 mutare
2178 1293 2521 1349 consuetu-

378 1372 594 1437 dinem
653 1371 985 1455 uolebant,
1045 1370 1222 1436 dedit
1267 1394 1417 1437 eum
1460 1373 1581 1451 illi,
1642 1373 1752 1458 qui
1799 1372 2064 1458 dignam
2110 1371 2251 1436 loco
2301 1382 2367 1438 et
2414 1373 2525 1438 do·

377 1463 654 1526 ctrinam
710 1458 978 1525 haberet
1047 1470 1110 1548 et
1169 1463 1389 1526 uitam.
1484 1461 1776 1527 Venerat
1836 1483 1910 1526 eo
1968 1470 2263 1548 tempore
2333 1461 2519 1548 Agil-

382 1552 639 1616 berctus
680 1546 1193 1615 Occidentalium
1259 1548 1593 1616 Saxonum
1653 1552 2017 1637 episcopus,
2088 1552 2267 1615 cuius
2326 1572 2525 1638 supra

377 1639 805 1724 meminimus,
855 1639 1099 1703 amicus
1131 1637 1450 1704 Alchfridi
1496 1641 1664 1721 regis
1712 1649 1778 1704 et
1807 1638 2071 1704 Vilfridi
2115 1638 2389 1724 abbatis,
2436 1640 2523 1707 ad

379 1729 778 1816 prouinciam
832 1725 1522 1815 Nordanhymbrorum
1602 1738 1669 1794 et
1731 1727 1903 1815 apud
1971 1750 2082 1794 eos
2150 1728 2524 1814 aliquandiu

382 1817 868 1901 demorabatur3
931 1819 1041 1903 qui
1107 1819 1303 1882 etiam
1359 1816 1707 1882 vilfridum
1772 1827 2005 1902 rogatu
2066 1816 2391 1882 Alchfridi
2455 1821 2524 1884 in

379 1906 672 1994 praefato
721 1929 834 1970 suo
881 1907 1272 1971 monasterio
1318 1907 1771 1993 presbyterum
1816 1907 1991 1972 fecit.
2062 1905 2369 1972 Habebat
2414 1929 2521 1973 au-

378 2007 512 2060 tem
558 2017 776 2060 secum
821 1997 958 2082 ipse
1005 1996 1457 2082 presbyterum
1500 1997 1761 2061 nomine
1806 1996 2243 2082 Agathonem.
2334 1995 2520 2062 Mota

376 2106 534 2169 ergo
555 2085 646 2149 ibi
692 2085 1068 2172 quaestione
1117 2085 1198 2149 de
1244 2084 1485 2172 pascha
1531 2086 1636 2150 uel
1680 2094 1945 2150 tonsura
1989 2083 2096 2149 uel
2142 2084 2282 2150 aliis
2328 2086 2521 2150 rebus

374 2174 848 2258 ecclesiasticis,
901 2174 1284 2261 dispositum
1323 2184 1440 2260 est,
1491 2184 1563 2239 ut
1590 2176 1660 2239 in
1689 2176 2100 2259 monasterie,
2150 2175 2326 2261 quod
2368 2175 2524 2241 dici-

377 2275 481 2328 tur
531 2261 1007 2346 Strenaeshalc,
1058 2262 1229 2350 quod
1275 2266 1741 2351 interpretatur
1788 2267 1960 2329 sinus
1997 2264 2170 2349 Fari,
2219 2266 2325 2329 cui
2369 2274 2525 2329 tunc

379 2350 539 2418 Hild
586 2353 915 2418 abbatissa
963 2350 1084 2417 deo
1136 2351 1373 2417 deuota
1416 2354 1662 2418 femina
1706 2354 2009 2439 praefuit,
2058 2352 2338 2439 synodus
2383 2354 2527 2419 fieri

379 2451 445 2507 et
508 2442 670 2507 haec
736 2443 1027 2528 quaestio
1091 2444 1428 2506 terminari
1494 2440 1780 2507 deberet.
1882 2442 2348 2528 Veneruntque
2416 2444 2525 2507 illo

377 2553 567 2615 reges
615 2530 825 2614 amb0,
873 2541 1060 2617 pater
1101 2532 1346 2595 scilicet
1381 2540 1447 2595 et
1478 2529 1672 2615 filius3
1723 2532 2027 2618 episcopi,
2076 2530 2347 2596 Colman
2380 2553 2527 2595 cum

379 2621 631 2685 clericis
697 2621 828 2684 suis
889 2620 969 2684 de
1031 2617 1314 2704 Scottia,
1383 2618 1798 2704 Agilberctus
1863 2643 2010 2686 cum
2066 2618 2415 2704 Agathone
2464 2630 2529 2685 et

380 2707 658 2774 Vilfrido
704 2709 1124 2795 presbyteris.
1187 2708 1456 2774 Iacobus
1490 2719 1554 2774 et
1584 2709 1915 2774 Romanus
1952 2711 2019 2774 in
2063 2707 2293 2773 horum
2340 2720 2529 2796 parte

382 2808 594 2863 erant:
655 2796 815 2862 Hild
875 2798 1206 2863 abbatissa
1265 2820 1413 2862 cum
1476 2799 1605 2862 suis
1651 2800 1719 2862 in
1766 2809 1956 2884 parte
2002 2795 2403 2881 Scottorum,
2465 2800 2532 2861 in

382 2908 508 2972 qua
572 2896 712 2950 erat
771 2888 967 2951 etiam
1032 2887 1423 2952 uenerabilis
1490 2889 1826 2975 episcopus
1875 2885 2083 2971 Cedd,
2155 2885 2530 2951 iamdudum

383 2974 710 3040 ordinatus
755 2999 796 3040 a
839 2973 1112 3058 Scottis,
1160 2984 1232 3039 ut
1275 2998 1471 3063 supra
1516 2976 1879 3059 docuimus,
1938 2977 2047 3062 qui
2092 2985 2155 3040 et
2200 2978 2526 3063 interpres

382 3066 449 3129 in
496 3087 574 3129 eo
623 3065 890 3129 concilio
937 3064 1472 3149 uigilantissimus
1518 3068 1854 3150 utriusque
1899 3064 2101 3151 partis
2150 3066 2387 3129 extitit.

560 3153 945 3240 Primusque
1004 3176 1122 3219 rex
1180 3151 1390 3220 Osuiu
1448 3156 1805 3241 praemissa
1865 3154 2296 3240 praefatione,
2358 3153 2534 3240 quod

382 3252 711 3329 oporteret
758 3266 887 3326 eos,
937 3244 1048 3330 qui
1094 3245 1205 3307 uni
1251 3242 1371 3308 deo
1420 3245 1753 3327 seruirent,
1801 3265 2000 3308 unam
2052 3241 2313 3307 uiuendi
2342 3264 2535 3327 regu-

378 3331 510 3396 lam
556 3341 780 3398 tenere
825 3355 947 3397 nec
994 3331 1367 3420 discrepare
1399 3334 1466 3396 in
1500 3332 1933 3397 celebratione
1980 3340 2536 3396 sacramentorum

384 3421 774 3506 caelestium,
816 3422 926 3508 qui
955 3442 1156 3485 unum
1189 3444 1413 3486 omnes
1444 3422 1512 3484 in
1544 3422 1741 3486 caelis
1771 3442 2050 3506 regnum
2080 3430 2533 3507 expectarent3

380 3510 834 3595 inquirendum
880 3512 1125 3597 potius,
1191 3532 1355 3597 quae
1405 3520 1576 3575 esset
1622 3510 1839 3575 uerior
1884 3509 2173 3593 traditio,
2244 3518 2309 3573 et
2368 3509 2537 3574 hanc

382 3600 466 3662 ab
515 3600 808 3664 omnibus
879 3602 1306 3664 communiter
1374 3621 1515 3663 esse
1585 3599 2007 3686 sequendam:
2072 3600 2256 3663 iussit
2324 3602 2535 3685 primo

388 3684 602 3751 dicere
651 3692 1026 3774 episcopum
1060 3711 1248 3753 suum
1280 3688 1685 3771 Colmanum,
1736 3691 1845 3774 qui
1878 3697 2047 3753 esset
2075 3690 2237 3752 ritus
2270 3697 2335 3751 et
2366 3689 2537 3754 unde

387 3776 708 3860 originem
755 3777 996 3842 ducens
1043 3777 1153 3841 ille
1166 3826 1183 3859 ,
1251 3799 1441 3864 quem
1491 3779 1630 3864 ipse
1678 3786 2075 3864 sequeretur.
2170 3774 2343 3841 Tum
2392 3775 2535 3843 001-

383 3886 640 3929 manus:
711 3865 1026 3949 ‘Pascha,'
1073 3868 1284 3951 inquit
1340 3866 1535 3951 ‘quod
1580 3889 1783 3952 agere
1832 3866 2032 3949 soleo,
2102 3888 2141 3931 a
2189 3867 2537 3932 maioribus
