2723 4326
161 188 207 244 Ι.
251 189 334 242 12.
2216 197 2295 262 19

159 372 364 436 maris
428 368 989 452 interiacentibus,
1055 391 1326 455 quorum
1391 392 1553 435 unus
1615 371 1699 436 ab
1763 371 2059 436 orientali
2112 375 2296 458 mari,

161 461 333 524 alter
379 461 461 526 ab
509 456 912 540 occidentali,
973 456 1332 524 Brittaniae
1387 470 1593 524 terras
1652 461 1845 546 longe
1896 460 2157 548 lateque
2202 464 2295 526 in-

161 550 440 636 rumpit,
507 548 801 635 quamuis
855 545 938 611 ad
999 568 1068 611 se
1121 549 1399 614 inuicem
1442 551 1812 635 pertingere
1856 571 1984 613 non
2030 552 2295 638 possint.

161 637 519 704 Orientalis
577 635 774 702 habet
820 638 886 700 in
932 633 1143 702 medio
1191 639 1288 702 sui
1332 637 1562 703 urbem
1610 635 1836 723 Giudi,
1888 637 2298 706 occidentalis

163 748 364 814 supra
409 750 498 810 se,
545 724 670 791 hoc
710 734 807 790 est
838 724 919 790 ad
952 727 1290 792 dexteram
1337 728 1455 810 sui,
1503 726 1701 793 habet
1731 727 1958 793 urbem
1988 726 2295 814 Alcluith,

163 817 341 902 quod
403 816 628 902 lingua
690 836 913 880 eorum
973 813 1295 899 significat
1355 825 1608 903 petram
1665 815 1910 902 Oluith3
1981 827 2079 882 est
2126 820 2296 884 enim

161 907 352 972 iuxta
395 905 662 969 fluuium
707 904 982 969 nominis
1029 905 1217 970 illius.

345 992 451 1060 Ob
520 993 748 1059 harum
817 1015 972 1080 ergo
1043 994 1521 1060 infestationem
1598 996 1888 1080 gentium
1956 993 2298 1061 Brettones

161 1081 416 1168 legatos
463 1083 738 1148 Romam
784 1105 930 1146 cum
978 1083 1265 1169 epistulis
1311 1085 1642 1148 mittentes
1688 1083 2045 1150 lacrimosis
2091 1087 2296 1171 preci-

161 1173 288 1236 bus
331 1173 575 1238 auxilia
621 1171 1002 1259 flagitabant
1049 1172 1641 1260 subiectionemque
1682 1175 2073 1252 continuam,
2122 1171 2299 1240 dum·
2330 1207 2343 1222 κ

165 1261 360 1326 modo
421 1260 623 1325 hostis
686 1261 1026 1326 imminens
1083 1260 1337 1347 longius
1397 1270 1755 1348 arceretur,
1814 1261 2296 1346 promittebant.

164 1349 420 1429 Quibus
453 1373 606 1415 mox
635 1350 807 1436 legio
839 1350 1197 1416 destinatur
1228 1359 1499 1434 armata,
1550 1373 1731 1439 quae,
1780 1351 1893 1416 ubi
1929 1353 1996 1416 in
2026 1351 2299 1420 insulam

163 1438 442 1504 aduecta
489 1449 555 1504 et
600 1461 948 1523 congressa
993 1448 1091 1504 est
1138 1461 1286 1505 cum
1329 1438 1658 1526 hostibus,
1715 1462 2022 1526 magnam
2078 1463 2301 1506 eorum

166 1527 642 1594 multitudinem
691 1538 1009 1612 sternens,
1075 1538 1321 1594 ceteros
1377 1531 1693 1595 sociorum
1741 1529 1976 1596 finibus
2025 1530 2297 1617 expulit:

164 1639 403 1704 eosque
456 1618 715 1682 interim
763 1641 804 1682 a
847 1615 1166 1682 dirissima
1210 1617 1623 1704 depressione
1674 1619 1981 1684 liberatos
2043 1617 2303 1684 hortata

167 1716 267 1772 est
312 1708 632 1772 instruere
677 1707 846 1771 inter
891 1703 1015 1771 duo
1061 1709 1268 1772 maria
1311 1716 1491 1772 trans
1536 1707 1812 1775 insulam
1858 1730 2143 1792 murum,
2193 1710 2299 1794 qui

165 1795 463 1862 arcendis
525 1795 817 1861 hostibus
875 1805 1093 1883 posset
1155 1818 1295 1862 esse
1355 1796 1707 1882 praesidio:
1775 1799 1993 1884 sicque
2040 1795 2299 1863 domum

167 1908 312 1949 cum
369 1883 696 1972 triumpho
751 1907 989 1970 magno
1042 1908 1304 1952 reuersa
1350 1895 1466 1950 est.
1560 1884 1653 1950 At
1709 1887 1984 1952 insulani
2026 1908 2300 1970 murum,

167 1997 362 2060 quem
422 1975 577 2038 iussi
635 1974 919 2059 fuerant,
983 1996 1111 2042 non
1165 1985 1303 2040 tam
1345 1974 1667 2062 lapidibus
1714 1997 1906 2062 quam
1953 1976 2299 2062 cespitibus

165 2072 636 2148 construentes,
685 2072 910 2150 utpote
953 2062 1198 2128 nullum
1243 2066 1410 2130 tanti
1456 2065 1668 2150 operis
1715 2062 2027 2130 artificem
2063 2064 2299 2131 haben-

167 2161 284 2237 tes,
334 2151 418 2218 ad
463 2151 622 2219 nihil
666 2153 890 2219 utilem
937 2161 1244 2218 statuunt.
1335 2153 1660 2219 Fecerunt
1704 2162 1921 2219 autem
1954 2177 2102 2220 eum
2134 2155 2303 2219 inter

169 2242 296 2307 duo
341 2242 512 2307 freta
556 2242 664 2307 uel
710 2244 906 2327 sinus,
955 2241 1033 2307 de
1081 2242 1309 2329 quibus
1357 2243 1655 2329 diximus,
1704 2244 1919 2325 maris,
1966 2265 2083 2329 per
2127 2243 2304 2309 milia

169 2353 477 2419 passuum
537 2332 846 2418 plurima:
917 2340 1018 2416 ut,
1085 2331 1195 2397 ubi
1242 2354 1555 2419 aquarum
1599 2333 1871 2398 munitio
1918 2330 2162 2415 deerat,
2211 2333 2303 2398 ibi

168 2420 495 2507 praesidio
555 2419 710 2486 ualli
771 2421 933 2486 fines
993 2443 1141 2485 suos
1205 2420 1288 2487 ab
1341 2420 1622 2487 hostium
1676 2421 2040 2508 inruptione
2090 2419 2301 2485 defen-

171 2509 420 2575 derent.
515 2507 711 2574 Cuius
759 2511 971 2597 operis
1017 2508 1261 2575 ibidem
1305 2510 1461 2575 facti
1474 2561 1493 2595 ,
1556 2510 1624 2576 id
1670 2520 1767 2575 est
1811 2510 1961 2575 ualli
2005 2510 2302 2576 latissimi

172 2608 236 2664 et
281 2600 600 2682 altissimi,
648 2622 722 2663 us
771 2621 850 2664 ue
894 2597 1084 2665 hodie
1125 2601 1482 2665 certissima
1525 2602 1808 2685 uestigia
1838 2621 2101 2666 cernere
2131 2599 2301 2666 licet.

168 2688 410 2777 Incipit
455 2696 674 2753 autem
712 2622 983 2755 diuorum
1028 2687 1234 2753 ferme
1280 2688 1529 2755 milium
1574 2691 1783 2777 spatio
1829 2712 1869 2753 a
1913 2691 2301 2755 monasterio

171 2777 626 2861 Aebercurnig
654 2775 737 2842 ad
770 2776 1166 2843 occidentem
1197 2780 1263 2844 in
1295 2778 1456 2861 loc0,
1507 2780 1617 2866 qui
1648 2801 1941 2844 sermone
1972 2778 2301 2845 Pictorum

171 2865 542 2948 Peanfahel‚
590 2866 812 2953 lingua
856 2875 1075 2931 autem
1105 2865 1470 2953 Anglorum
1501 2867 1865 2934 Penneltun
1910 2867 2299 2955 appellatum,

171 2967 235 3021 et
295 2954 573 3107 tenillens
638 2965 861 3021 contra
925 2956 1319 3022 occidentem
1388 2958 1773 3023 terminatur
1840 2960 2022 3022 iuxta
2076 2957 2300 3022 urbem

169 3045 413 3111 Alcluit
464 3095 478 3109 .

346 3131 596 3199 Verum
642 3135 891 3219 priores
935 3134 1209 3216 inimici,
1257 3142 1328 3199 ut
1373 3135 1736 3201 Romanum
1780 3134 2047 3199 militem
2092 3133 2305 3199 abisse

171 3231 674 3311 conspexerant,
737 3244 890 3287 mox
949 3221 1207 3289 aduecti
1259 3223 1530 3289 nauibus
1576 3226 1949 3310 inrumpunt
1996 3223 2301 3288 terminos

167 3313 579 3399 caeduntque
627 3314 838 3376 omnia
883 3323 948 3377 et
987 3313 1168 3399 quasi
1211 3322 1531 3379 maturam
1565 3321 1854 3397 segetem
1888 3313 2078 3378 obuia
2110 3333 2298 3398 quae-

175 3424 296 3488 que
341 3410 628 3484 metunt,
674 3402 956 3484 calcant,
1006 3411 1369 3467 transeunt:
1430 3402 1601 3467 unde
1660 3424 1914 3466 rursum
1960 3403 2304 3467 mittuntur

172 3490 450 3556 Romam
493 3491 712 3575 legati,
763 3490 961 3557 flebili
1008 3513 1167 3555 uoce
1197 3491 1505 3557 auxilium
1538 3491 1974 3578 implorantes,
2020 3513 2101 3556 ne
2129 3492 2304 3577 peni-

175 3589 276 3645 tus
321 3582 564 3645 misera
607 3580 818 3665 patria
866 3579 1210 3666 deleretur,
1266 3602 1349 3646 ne
1393 3602 1630 3646 nomen
1674 3579 2005 3645 Romanae
2050 3583 2304 3667 prouin-

179 3670 334 3752 ciae,
369 3668 544 3755 quod
574 3668 747 3755 apud
779 3691 887 3733 eos
918 3678 1052 3735 tam
1084 3669 1193 3733 diu
1223 3670 1562 3756 claruerat,
1610 3678 1977 3735 exterarum
2014 3673 2305 3754 gentium

20 3710 26 3827 l
180 3759 594 3847 improbitate
654 3757 954 3823 obrutum
1012 3760 1369 3824 uilesceret.
1462 3760 1742 3824 Rursum
1788 3760 2067 3824 mittitur
2110 3760 2303 3844 legio,

20 3830 24 3887 l
184 3868 342 3933 quae
364 3848 702 3935 inopinata
722 3855 1014 3934 tempore
1040 3850 1328 3913 autumni
1351 3848 1698 3914 adueniens
1720 3872 1995 3935 magnas
2025 3847 2301 3913 hostium
