2723 4326
195 239 265 291 V.
311 238 391 292 13.
2209 245 2332 309 251

1217 558 1318 623 13.

188 716 275 771 vt
316 714 573 796 eeontra
611 714 778 771 alter
815 715 893 770 ad
930 714 1190 770 mortem
1236 686 1498 771 ueniens
1548 716 1825 773 oblatum
1862 716 1986 773 sibi
2026 731 2062 771 a
2100 718 2338 773 daemo-

510 804 693 861 nibus
732 803 1005 861 oodleem
1044 817 1295 860 suorum
1331 805 1573 862 uiderit
1610 807 2028 881 peecatorum.

376 948 469 1015 At
516 957 739 1014 eontra
784 948 905 1013 fuit
944 948 1206 1036 quidam
1237 950 1303 1011 in
1333 952 1666 1035 prouincia
1696 948 2108 1035 Meroiorum,
2159 954 2338 1017 ouius

190 1040 477 1103 uisiones
532 1060 609 1102 ae
662 1037 892 1121 uerba,
962 1060 1091 1102 non
1144 1046 1363 1103 autem
1409 1047 1474 1104 et
1521 1042 1953 1123 conuersatio,
2021 1043 2336 1127 plurimis,

189 1127 313 1193 sed
369 1148 497 1192 non
558 1126 815 1191 sibimet
874 1129 1027 1213 ipsi,
1092 1128 1348 1213 profuit.
1443 1127 1597 1192 Fuit
1659 1137 1877 1194 autem
1939 1131 2339 1217 temporibus

190 1214 548 1299 coenredi,
617 1216 727 1301 qui
832 1226 933 1280 ost
996 1213 1420 1281 Aedilredum
1481 1219 1809 1301 regnauit,
1876 1220 1977 1282 uir
2045 1220 2111 1284 in
2174 1218 2340 1285 laico

190 1307 426 1371 habitu
471 1314 666 1391 atque
713 1240 923 1369 officio
970 1304 1234 1370 militari
1277 1307 1552 1393 positus3
1603 1304 1713 1370 sed
1759 1316 2068 1393 quantum
2097 1331 2215 1395 pro
2246 1309 2340 1371 in-

192 1396 449 1460 dustria
495 1393 799 1459 exteriori
843 1396 986 1478 regi
1030 1391 1311 1481 placens,
1360 1404 1612 1459 tantum
1658 1418 1775 1481 pro
1808 1396 2060 1460 interna
2107 1398 2340 1462 suimet

190 1484 611 1569 neglegentia
654 1481 1016 1569 displicens.
1097 1482 1509 1549 Admonebat
1555 1506 1712 1570 ergo
1757 1484 1935 1549 illum
1983 1482 2222 1568 sedulo,
2270 1494 2341 1550 ut

194 1574 619 1640 confiteretur
650 1581 718 1636 et
749 1569 1118 1637 emendaret
1150 1595 1226 1637 ao
1256 1572 1648 1660 relinqueret
1681 1572 1923 1639 seelera
1956 1595 2088 1658 sua,
2137 1575 2340 1660 prius-

192 1684 398 1750 quam
444 1660 656 1726 subito
705 1662 929 1726 mortis
975 1671 1368 1747 superuentu
1411 1671 1670 1749 tempus
1716 1684 1907 1727 omne
1968 1663 2341 1748 paenitendi

192 1762 263 1817 et
314 1748 701 1816 emendandi
748 1747 1067 1835 perderet.
1148 1748 1399 1815 Verum
1443 1750 1566 1834 ille,
1619 1751 1989 1836 frequenter
2033 1752 2183 1815 lieet
2230 1752 2339 1816 ad·

191 1842 505 1919 monitus,
539 1838 886 1925 spernebat
915 1840 1117 1905 uerba
1148 1840 1372 1905 salutis
1405 1862 1671 1925 seseque
1703 1850 1996 1925 tempore
2029 1850 2340 1924 sequente

192 1930 665 2017 paenitentiam
697 1938 988 1992 acturum
1023 1951 1162 1994 esse
1208 1928 1645 2015 promittebat.
1711 1927 1898 1993 Haeo
1926 1930 2096 1993 inter
2127 1939 2340 1994 tactus

192 2016 576 2082 infirmitate
623 2014 860 2081 decidit
892 2019 956 2080 in
986 2018 1225 2082 lectum
1267 2028 1464 2103 atque
1509 2019 1644 2082 acri
1692 2019 1901 2104 coepit
1947 2017 2164 2084 dolore
2211 2028 2337 2083 tor-

196 2107 409 2195 queri.
475 2103 580 2169 Ad
611 2126 805 2192 quem
850 2108 1178 2192 ingressus
1224 2128 1361 2188 rex,
1411 2105 1722 2192 diligebat
1769 2108 1941 2172 enim
1988 2129 2134 2172 eum
2180 2109 2343 2173 mul-

194 2209 365 2280 tum,
413 2195 814 2280 hortabatur,
862 2205 933 2259 ut
965 2196 1068 2260 uel
1099 2204 1271 2279 tune,
1319 2207 1669 2282 antequam
1701 2205 2079 2280 moreretur,
2127 2200 2341 2284 paeni-

194 2286 477 2351 tentiam
532 2294 758 2369 ageret
812 2286 1313 2350 commissorum.
1406 2285 1500 2351 At
1543 2285 1652 2351 ille
1710 2284 2041 2373 respondit
2097 2308 2224 2351 non
2271 2309 2342 2352 se

194 2385 360 2440 tuno
404 2373 569 2438 uelle
617 2371 904 2438 confiteri
962 2383 1227 2459 peccata
1272 2396 1418 2457 sua,
1489 2375 1603 2439 sed
1648 2396 1795 2439 cum
1841 2375 1924 2439 ab
1971 2374 2343 2440 infirmitate

196 2470 604 2548 resurgeret3
668 2484 752 2526 ne
820 2462 1285 2549 exprobrarent
1345 2462 1469 2527 sibi
1531 2463 1808 2545 sodales,
1881 2464 2054 2549 quod
2114 2465 2344 2529 timore

198 2554 434 2618 mortis
480 2552 725 2616 faceret
772 2573 878 2634 ea,
946 2572 1111 2637 quae
1160 2574 1378 2638 sospes
1423 2552 1636 2618 faeere
1700 2553 2020 2636 noluerat3
2088 2553 2344 2618 fortiter

200 2638 501 2730 quidem,
549 2649 621 2704 ut
668 2638 789 2703 sibi
836 2638 1203 2724 uidebatur,
1253 2640 1534 2726 loeutus,
1585 2640 1698 2706 sed
1745 2640 2220 2726 miserabiliter,
2270 2651 2343 2706 ut
2395 2721 2400 2728 .

198 2739 353 2819 post
399 2730 628 2814 patuit,
677 2727 1055 2792 daemonica
1101 2727 1327 2794 fraude
1375 2729 1692 2795 seductus.

388 2817 681 2904 Cumque
730 2817 955 2881 morbo
1000 2817 1520 2903 ingrauescente,
1585 2819 1793 2883 denuo
1859 2817 1942 2882 ad
2000 2841 2148 2883 eum
2194 2819 2344 2883 uisi—

198 2908 477 2976 tandum
524 2929 602 2971 ac
646 2903 1005 2970 docendum
1051 2928 1168 2971 rex
1213 2909 1504 2990 intraret,
1554 2906 1876 2972 clamabat
1908 2909 2125 2972 statim
2160 2910 2346 2973 mise—

198 2997 399 3064 rabili
445 3017 635 3061 uoee:
687 2993 882 3073 ‘Quid
927 2997 1024 3060 uis
1055 2995 1299 3060 modo?
1348 2995 1499 3083 quid
1531 2996 1657 3060 hue
1687 2995 1966 3060 uenisti?
2014 3019 2139 3061 non
2172 2999 2345 3061 enim

198 3087 365 3153 mihi
426 3082 669 3172 aliquid
730 3085 1023 3149 utilitatis
1092 3095 1207 3149 aut
1269 3087 1493 3151 salutis
1561 3095 1746 3171 potes
1791 3085 1962 3149 ultra
2007 3085 2345 3150 conferre!

200 3177 298 3242 At
345 3176 484 3240 ille:
554 3171 747 3237 ‘Noli'
816 3174 1022 3259 inquit
1084 3173 1195 3240 ‘ita
1241 3175 1446 3260 loqui,
1495 3172 1646 3240 uide
1693 3183 1766 3238 ut
1812 3195 2037 3238 sanum
2084 3173 2340 3259 sapias!

204 3265 403 3330 ‘Non’
451 3264 659 3350 inquit
707 3261 994 3347 ‘insanio,
1044 3261 1157 3326 sed
1192 3266 1542 3351 pessimam
1575 3262 1733 3327 mihi
1765 3263 2099 3327 scientiam
2132 3269 2344 3325 certus

201 3375 368 3441 prae
415 3351 613 3418 oeulis
657 3351 907 3415 habe0.'
1000 3349 1107 3414 ‘Et
1155 3353 1327 3437 quid'
1389 3352 1596 3437 inquit
1665 3351 1805 3415 ‘hoc
1876 3349 2041 3415 est‘?'
2120 3349 2343 3416 ‘Paulo

204 3441 381 3507 ante'
436 3441 644 3526 inquit
700 3438 1124 3504 ‘intrauerunt
1190 3440 1452 3506 domum
1517 3440 1683 3506 hane
1746 3440 1870 3505 duo
1932 3436 2347 3525 pulcherrimi

206 3534 480 3595 iuuenes
528 3538 592 3593 et
635 3525 1015 3593 resederunt
1059 3530 1229 3594 eirea
1275 3552 1412 3614 me,
1482 3552 1645 3593 unus
1701 3528 1783 3592 ad
1830 3536 2025 3613 eaput
2071 3536 2136 3592 et
2182 3549 2346 3591 unus

206 3619 293 3684 ad
340 3618 567 3705 pedes;
634 3617 1029 3703 protulitque
1094 3639 1259 3682 unus
1318 3617 1608 3683 libellum
1678 3616 2159 3705 perpulchrum,
2231 3616 2346 3681 sed

208 3706 632 3772 uehementer
676 3704 999 3769 modicum
1044 3727 1121 3770 ae
1168 3707 1325 3772 mihi
1374 3705 1456 3770 ad
1498 3702 1841 3791 legendum
1892 3703 2086 3790 dedit,
2120 3707 2184 3769 in
2219 3727 2345 3791 quo

206 3797 448 3880 omnia,
497 3817 662 3882 quae
705 3815 987 3880 unquam
1020 3794 1189 3859 bona
1218 3797 1519 3879 feceram,
1553 3797 1808 3859 intuens
1841 3796 2081 3879 scripta
2111 3793 2345 3882 reperi,

208 3894 278 3950 et
324 3884 490 3950 haee
537 3889 719 3948 erant
762 3882 1031 3947 nimium
1077 3905 1287 3970 pauca
1333 3894 1398 3949 et
1444 3883 1718 3951 modica.
1789 3884 2200 3969 Receperunt
2247 3905 2348 3946 co·
