2723 4326
182 218 255 272 V.
296 218 379 272 12.
586 224 594 230 '
2186 219 2313 283 247

176 393 517 481 spiritibus
548 394 899 477 hominum,
948 396 1058 481 qui
1086 396 1291 459 instar
1321 394 1681 459 fauillarum
1714 416 1859 459 cum
1889 393 2065 459 fumo
2096 416 2316 460 ascen·

177 484 476 549 dentium
522 504 691 548 nunc
736 482 820 548 ad
867 482 1239 548 sublimiora
1298 484 1753 570 proicerentur,
1803 506 1972 548 nunc
2019 486 2314 550 retractis

182 573 435 657 ignium
479 572 824 659 uaporibus
870 570 1311 638 relaberentur
1351 574 1419 637 ιιι
1449 570 1785 659 profunda.
1850 568 1984 638 Sed
2015 581 2080 637 et
2110 572 2318 638 foetor

176 661 709 748 incomparabilis
742 682 889 726 cum
921 659 1162 727 eisdem
1206 661 1554 748 uaporibus
1601 661 1913 726 ebulliens
1959 662 2172 727 omnia
2207 662 2317 727 illa

182 749 602 815 tenebrarum
663 749 807 815 loca
861 750 1171 855 replebat.
1261 750 1349 815 Et
1396 772 1543 815 cum
1603 749 1839 815 diutius
1896 750 1988 815 ibi
2045 751 2314 837 pauidus

178 839 625 921 consisterem,
672 847 898 926 utpote
942 842 1242 924 incertus,
1292 839 1446 926 quid
1489 861 1774 925 agerem,
1823 862 1948 927 quo
1993 848 2316 906 uerterem

182 950 529 1031 gressum,
553 930 661 1013 qui
707 951 812 994 me
856 926 1002 993 finis
1046 939 1367 994 maneret.
1417 929 1605 994 audio
1638 928 1918 994 subitum
1948 938 2097 1016 post
2126 938 2317 1015 terga

178 1018 468 1082 sonitum
510 1018 930 1082 inmanissimi
973 1017 1161 1083 fletus
1206 1039 1284 1082 ac
1314 1017 1676 1101 miserrimi,
1725 1018 1913 1082 simul
1957 1027 2020 1083 et
2066 1019 2317 1083 cachin-

178 1128 341 1171 num
388 1107 813 1192 crepitantem
860 1108 1043 1194 quasi
1097 1107 1277 1192 uulgi
1330 1105 1572 1171 indocti
1615 1108 1832 1211 ‘captis
1887 1106 2178 1172 hostibus
2225 1110 2316 1172 in·

176 1194 504 1260 saltantis.
572 1192 664 1260 Vt
708 1204 923 1261 autem
971 1198 1213 1261 sonitus
1259 1196 1432 1261 idem
1478 1195 1708 1261 clarior
1752 1193 2038 1261 redditus
2084 1194 2167 1260 ad
2214 1218 2319 1261 me

183 1306 391 1370 usque
436 1285 750 1371 peruenit,
800 1285 1129 1351 considero
1176 1285 1434 1349 turbam
1482 1285 1911 1371 malignorum
1953 1286 2316 1372 spirituum,

180 1395 354 1459 quae
401 1374 681 1460 quinque
741 1373 986 1439 animas
1044 1374 1376 1438 hominum
1435 1382 1798 1440 maerentes
1857 1374 2315 1461 eiulantesque,

176 1463 329 1548 ipsa
373 1462 646 1527 multum
691 1462 983 1527 exultans
1016 1472 1080 1527 et
1111 1462 1498 1527 cachinnans
1546 1463 1787 1528 medias
1833 1462 1973 1528 illas
2021 1461 2317 1530 trahebat

178 1553 253 1614 in
298 1549 629 1616 tenebras,
676 1573 713 1616 e
759 1551 988 1637 quibus
1033 1550 1335 1616 uidelicet
1381 1551 1773 1635 hominibus,
1822 1562 1894 1617 ut
1942 1552 2320 1637 dignoscere

181 1641 397 1725 potui,
460 1637 722 1726 quidam
769 1648 907 1705 erat
951 1639 1259 1705 adtonsus
1303 1650 1377 1705 ut
1425 1640 1720 1724 clericus,
1784 1639 2043 1727 quidam
2095 1641 2316 1720 laicus,

180 1725 508 1813 quaedam
561 1726 817 1793 femina.
913 1728 1273 1793 Trahentes
1318 1737 1537 1793 autem
1583 1750 1693 1793 eos
1740 1729 2008 1814 maligni
2054 1730 2318 1815 spiritus

178 1816 656 1882 descenderunt
700 1819 768 1882 in
798 1816 1079 1882 medium
1110 1818 1356 1883 baratri
1386 1816 1552 1881 illius
1593 1816 1902 1901 ardentis3
1949 1817 2320 1904 factumque

180 1915 305 1990 est,
352 1915 425 1969 ut
471 1928 618 1971 cum
661 1905 915 1991 longius
962 1907 1380 1972 subeuntibus
1428 1908 1518 1971 eis
1529 1958 1548 1991 ,
1606 1906 1829 1971 fletum
1873 1905 2206 1971 hominum
2253 1917 2318 1972 et

180 1996 387 2058 risum
459 1993 940 2061 daemoniorum
1003 1995 1173 2060 clare
1236 1995 1599 2061 discernere
1662 1997 2020 2082 nequirem,
2092 2018 2319 2061 sonum

180 2092 405 2149 tamen
457 2081 667 2148 adhuc
719 2086 1154 2189 promiscuum
1200 2086 1267 2149 in
1322 2084 1583 2149 auribus
1637 2082 1964 2150 haberem.
2057 2082 2316 2149 Interea

179 2171 616 2238 ascenderunt
660 2175 918 2260 quidam
966 2175 1305 2261 spirituum
1352 2174 1767 2239 obscurorum
1812 2173 1894 2240 de
1939 2175 2173 2260 abysso
2205 2175 2316 2239 illa

178 2262 649 2347 flammiuoma,
713 2273 776 2328 et
834 2263 1249 2328 adcurrentes
1308 2261 1868 2328 circumdederunt
1925 2286 2058 2347 me,
2118 2272 2316 2350 atque

180 2352 387 2417 oculis
431 2350 908 2417 flammantibus
954 2361 1018 2416 et
1065 2351 1144 2418 de
1176 2374 1285 2417 ore
1330 2375 1404 2417 ac
1452 2351 1712 2417 naribus
1759 2354 1977 2438 ignem
2021 2351 2318 2439 putidum

180 2441 479 2506 efflantes
526 2441 880 2525 angebant3
942 2439 1293 2528 forcipibus
1341 2463 1594 2528 quoque
1639 2443 1877 2526 igneis,
1940 2462 2098 2528 quos
2145 2451 2318 2507 tene-

181 2530 344 2595 bant
390 2529 456 2593 in
502 2529 822 2614 manibus,
885 2531 1343 2595 minitabantur
1402 2552 1507 2595 me
1566 2529 2135 2634 comprehendere,
2195 2551 2318 2594 nec

180 2628 405 2683 tamen
435 2641 540 2682 me
582 2618 897 2683 ullatenus
943 2621 1336 2704 contingere,
1384 2619 1648 2684 tametsi
1677 2629 1921 2684 terrere
1950 2640 2318 2706 praesume-

182 2708 361 2772 bant.
456 2705 585 2785 Qui
666 2728 813 2775 cum
881 2706 1423 2794 undiqueuersum
1489 2708 1778 2773 hostibus
1859 2715 1925 2773 et
2004 2709 2318 2773 caecitate

182 2797 596 2861 tenebrarum
659 2795 989 2861 conclusus
1034 2797 1161 2861 huc
1204 2797 1484 2883 illucque
1540 2797 1753 2862 oculos
1814 2796 2317 2882 circumferrem,

184 2886 241 2949 si
299 2886 466 2948 forte
524 2883 818 2950 alicunde
876 2885 1030 2972 quid
1088 2886 1336 2966 auxilii,
1400 2908 1526 2972 quo
1587 2885 1902 2967 saluarer,
1963 2883 2316 2969 adueniret,

181 2975 489 3061 apparuit
548 2983 722 3038 retro
779 2975 915 3057 uia,
988 2996 1113 3060 qua
1171 2997 1506 3058 ueneram,
1580 2976 1764 3060 quasi
1823 2973 2039 3059 fulgor
2097 2974 2318 3039 stellae

181 3064 463 3128 meantis
508 3064 676 3127 inter
722 3026 1047 3148 tenebras,
1110 3066 1219 3150 qui
1278 3063 1591 3150 paulatim
1638 3084 1931 3128 crescens
1979 3073 2043 3128 et
2087 3062 2169 3128 ad
2215 3086 2318 3128 me

182 3154 363 3216 ocius
410 3151 748 3235 festinans,
797 3152 907 3216 ubi
954 3149 1522 3256 adpropinquauit,
1581 3151 1854 3238 dispersi
1900 3160 2048 3216 sunt
2095 3161 2159 3216 et
2205 3171 2317 3214 au·

182 3241 495 3325 fugerunt
553 3262 800 3324 omnes,
871 3244 979 3327 qui
1037 3263 1141 3306 me
1207 3241 1554 3328 forcipibus
1623 3263 1854 3328 rapere
1924 3239 2319 3346 quaerebant

182 3331 450 3416 spiritus
498 3327 731 3394 infesti.

366 3417 506 3482 ‘Ille
552 3427 789 3500 autem,
837 3419 947 3504 qui
976 3415 1324 3483 adueniens
1356 3441 1468 3483 eos
1498 3418 1769 3502 fugauit,
1819 3425 1957 3482 erat
2003 3417 2160 3501 ipse,
2209 3418 2320 3502 qui

183 3529 292 3571 me
338 3515 488 3571 ante
547 3504 854 3571 ducebat:
920 3509 1029 3592 qui
1073 3530 1225 3571 mox
1272 3529 1618 3572 conuersus
1663 3507 1746 3571 ad
1792 3504 2130 3571 dexterum
2175 3504 2318 3588 iter,

182 3597 373 3682 quasi
433 3603 655 3660 contra
714 3603 925 3659 ortum
988 3596 1136 3660 solis
1202 3596 1564 3661 brumalem
1622 3617 1725 3659 me
1789 3593 2021 3659 ducere
2086 3595 2317 3680 coepit.

184 3683 330 3750 Nec
377 3705 588 3767 mora,
639 3691 969 3748 exemtum
1018 3684 1300 3750 tenebris
1346 3687 1412 3748 in
1459 3707 1648 3750 auras
1694 3707 1800 3750 me
1846 3703 2113 3748 serenae
2159 3683 2319 3748 lucis

184 3772 439 3839 eduxit:
490 3793 763 3858 cumque
807 3795 913 3836 me
959 3775 1025 3837 in
1069 3773 1213 3838 luce
1259 3782 1483 3860 aperta
1528 3773 1810 3857 duceret,
1857 3769 1991 3837 uidi
2021 3780 2172 3838 ante
2204 3795 2320 3837 nos

184 3884 447 3928 murum
502 3862 1004 3948 permaximum,
1066 3863 1247 3929 cuius
1292 3885 1506 3950 neque
1566 3859 1950 3950 longitudini
2005 3860 2156 3928 hinc
2215 3859 2323 3926 uel
