2723 4326
464 218 591 283 108
2417 214 2507 265 111.
2545 215 2588 267 4.

1501 624 1563 687 4.

672 784 923 857 quando
960 798 1112 852 gens
1147 782 1471 840 Pictorum
1506 783 1688 838 fldem
1724 780 1962 839 Christi
1997 782 2385 852 perceperit.

2685 255 2687 337 1

634 926 970 1014 Siquidem
1002 950 1169 992 anno
1198 928 1654 992 incarnationis
1685 926 2044 991 dominicae
2074 924 2432 1006 D⁰LX⁰V⁰,
2477 949 2596 1012 quo
2689 893 2691 987 l

456 1028 752 1104 tempore
798 1018 1309 1102 gubernaculum
1353 1015 1631 1081 Romani
1675 1016 1931 1103 imperii
1975 1024 2123 1102 post
2167 1014 2595 1080 Iustinianum

457 1105 742 1172 Iustinus
799 1108 1008 1171 minor
1069 1109 1345 1193 accepit,
1407 1107 1586 1170 uenit
1641 1103 1720 1170 de
1766 1104 2084 1170 Hibernia
2145 1106 2492 1191 presbyter
2538 1115 2596 1168 et

456 1196 659 1261 abbas
704 1195 930 1261 habitu
978 1204 1043 1259 et
1087 1196 1224 1259 uita
1266 1195 1566 1259 monachi
1610 1195 1911 1281 insignis,
1975 1195 2236 1259 nomine
2284 1192 2600 1259 Columba

455 1285 877 1366 Brittaniam,
939 1284 1421 1370 praedicaturus
1463 1284 1735 1348 uerbum
1783 1283 1889 1348 dei
1935 1285 2281 1370 prouinciis
2328 1282 2597 1370 Septen-

455 1374 824 1439 trionalium
870 1373 1217 1457 Pictorum,
1264 1373 1390 1437 hoc
1435 1381 1533 1437 est
1579 1375 1690 1458 eis,
1741 1394 1905 1459 quae
1949 1372 2168 1437 arduis
2213 1383 2413 1459 atque
2459 1374 2597 1437 hor·

456 1463 747 1528 rentibus
794 1464 1108 1527 montium
1142 1463 1209 1526 iu
1258 1485 1312 1526 is
1358 1462 1442 1527 ab
1489 1463 1874 1527 australibus
1921 1483 2148 1526 eorum
2194 1473 2343 1527 sunt
2388 1464 2597 1547 regio-

456 1552 646 1617 nibus
693 1560 1153 1638 sequestratae.
1212 1484 1532 1637 {Iamque
1580 1553 1703 1638 ipsi
1749 1551 2084 1616 Australes
2109 1551 2295 1634 Picti,
2347 1555 2463 1637 qui
2510 1554 2596 1615 in-

2693 1530 2697 1649 ἶ

456 1651 558 1706 tra
604 1640 866 1706 eosdem
911 1650 1162 1705 montes
1207 1639 1452 1706 habent
1496 1640 1701 1723 sedeS,
1749 1640 1951 1703 multo
1983 1649 2134 1705 ante
2163 1647 2480 1725 tempore,
2531 1650 2599 1704 ut
2693 1658 2695 1711 ξ

458 1730 830 1818 perhibent,
886 1730 1113 1796 relicto
1161 1751 1381 1795 errore
1426 1728 1788 1813 idolatriae,
1837 1726 2030 1793 fidem
2075 1730 2370 1795 ueritatis
2418 1753 2594 1795 acce-

454 1829 715 1906 perant,
770 1818 1185 1908 praedicante
1231 1820 1323 1885 eis
1367 1819 1642 1884 uerbum
1687 1818 1907 1905 Nynia
1953 1821 2252 1905 episcopo
2299 1840 2598 1884 reueren-

456 1909 703 1973 tissimo
759 1917 824 1973 et
884 1910 1286 1974 sanctissimo
1346 1910 1488 1973 uiro
1552 1908 1635 1974 de
1691 1909 1951 1973 natione
1997 1907 2416 1993 Brettonum,
2489 1910 2598 1996 qui

457 2007 598 2063 erat
641 1998 889 2063 Romae
934 1999 1321 2084 regulariter
1383 1996 1577 2062 fidem
1624 2006 1690 2062 et
1735 1998 2049 2085 mysteria
2104 2000 2399 2062 ueritatis
2448 1997 2594 2062 edo·

457 2097 625 2171 ctus3
692 2088 871 2151 cuius
930 2087 1152 2152 sedem
1210 2087 1670 2175 episcopalem,
1742 2088 1949 2152 sancti
1994 2084 2264 2151 Martini
2310 2088 2597 2175 episcopi

453 2179 713 2244 nomine
762 2186 826 2242 et
873 2177 1144 2243 ecclesia
1189 2178 1530 2261 insignem,
1580 2177 1691 2241 ubi
1721 2178 1861 2263 ipse
1909 2179 2104 2242 etiam
2153 2199 2422 2262 corpore
2471 2199 2600 2242 una

453 2289 599 2332 cum
644 2267 934 2353 pluribus
981 2267 1216 2331 sanctis
1260 2267 1627 2351 requiescit,
1676 2268 1808 2330 iam
1836 2287 2007 2330 nunc
2037 2263 2401 2351 Anglorum
2433 2287 2594 2350 gens

455 2357 721 2421 obtinet.
788 2353 917 2434 Qui
961 2355 1139 2420 locus
1188 2352 1294 2442 [ad
1370 2356 1726 2420 rouinciam
1758 2354 2204 2420 Berniciorum
2235 2354 2594 2442 pertinens]

448 2447 647 2529 uulgo
692 2453 964 2509 uocatur
1008 2443 1116 2510 Ad
1162 2378 1521 2509 candidam
1568 2443 1828 2528 Casam,
1897 2467 1972 2508 eo
2038 2442 2208 2530 quod
2253 2444 2348 2509 ibi
2393 2445 2593 2510 eccle-

450 2537 613 2599 siam
661 2534 742 2599 de
786 2533 1021 2621 lapide,
1069 2533 1325 2599 insolito
1372 2533 1793 2598 Brettonibus
1838 2555 2017 2598 more
2061 2533 2308 2598 fecerit.

626 2623 816 2688 Venit
878 2631 1095 2687 autem
1152 2622 1545 2688 Brittaniam
1603 2620 1947 2708 Columba,
2012 2631 2330 2708 regnante
2389 2623 2594 2687 Pictis

447 2711 669 2775 Bridio
700 2712 832 2776 filio
862 2710 1251 2788 Meilochon,
1297 2733 1455 2796 rege
1491 2713 1958 2798 potentissime,
2006 2733 2174 2776 nono
2207 2734 2374 2776 anno
2406 2716 2593 2797 regni

449 2802 605 2885 eius,
654 2809 1042 2886 gentemque
1087 2801 1262 2865 illam
1310 2801 1509 2866 uerbo
1559 2809 1624 2866 et
1670 2801 1965 2887 exemplo
2007 2801 2089 2865 ad
2121 2798 2312 2865 fidem
2347 2799 2592 2866 Christi

447 2891 791 2954 conuertit:
839 2889 1008 2953 unde
1054 2899 1120 2954 et
1167 2888 1528 2976 praefatam
1575 2891 1851 2954 insulam
1883 2890 1965 2954 ab
1999 2892 2091 2954 eis
2133 2892 2198 2953 in
2244 2893 2591 2977 possessio-

444 2999 594 3042 nem
641 2979 1015 3043 monasterii
1059 2978 1338 3044 faciendi
1386 2981 1658 3066 accepit.
1721 2978 1956 3065 Neque
1987 2980 2162 3043 enim
2196 3000 2438 3064 magna
2469 2989 2588 3064 est,

442 3065 559 3132 sed
604 3070 790 3154 quasi
835 3068 1223 3131 familiarum
1280 3070 1591 3154 quinque,
1651 3069 1834 3132 iuxta
1891 3069 2406 3133 aestimationem
2452 3070 2586 3133 An-

443 3157 730 3242 glorum3
801 3179 995 3244 quam
1042 3178 1445 3222 successores
1491 3159 1628 3222 eius
1675 3179 1876 3243 usque
1920 3155 2111 3221 hodie
2157 3167 2408 3242 tenent,
2477 3159 2590 3224 ubi

441 3257 508 3312 et
553 3249 693 3334 ipse
740 3246 1025 3333 sepultus
1073 3255 1199 3325 est,
1256 3268 1405 3311 cum
1438 3255 1609 3311 esset
1652 3267 1961 3311 annorum
2009 3245 2375 3329 LXXVII,
2441 3258 2592 3333 post

442 3358 642 3401 annos
690 3337 947 3401 circiter
993 3334 1205 3400 XXX
1237 3344 1302 3400 et
1335 3335 1514 3419 dum,
1550 3358 1631 3399 ex
1662 3357 1790 3422 quo
1820 3336 1958 3421 ipse
1989 3334 2380 3400 Brittaniam
2404 3358 2588 3421 prae·

443 3423 769 3490 dicaturus
835 3425 1011 3490 adiit.
1106 3425 1384 3490 Fecerat
1442 3434 1689 3508 autem,
1759 3426 2133 3511 priusquam
2194 3424 2588 3491 Brittaniam

438 3516 719 3598 ueniret,
786 3515 1251 3580 monasterium
1310 3514 1524 3578 nobile
1569 3515 1638 3577 in
1681 3511 2032 3599 Hibernia,
2102 3512 2269 3600 quod
2316 3537 2355 3577 a
2402 3517 2591 3602 copia

437 3605 743 3668 roborum
804 3602 1175 3669 Dearmach
1231 3604 1456 3688 lingua
1510 3601 1908 3689 Scottorum,
1969 3601 2093 3666 hoc
2158 3610 2254 3667 est
2323 3625 2590 3692 campus

436 3691 774 3777 roborum,
856 3695 1368 3778 cognominatur.
1460 3691 1566 3756 Ex
1642 3714 1769 3778 quo
1845 3702 2121 3778 utroque
2194 3694 2587 3758 monasterio

436 3782 715 3868 plurima
761 3782 993 3846 exinde
1042 3783 1432 3846 monasteria
1477 3803 1596 3867 per
1641 3780 1988 3868 discipulos
2037 3783 2172 3846 eius
2218 3793 2282 3847 et
2312 3783 2380 3847 in
2411 3781 2586 3847 Brit-

435 3871 612 3935 tania
659 3879 724 3934 et
768 3871 836 3933 in
880 3869 1199 3936 Hibernia
1243 3880 1610 3957 propagata
1656 3880 1836 3935 sunt:
1895 3872 1962 3935 in
2008 3871 2238 3956 quibus
2287 3872 2592 3937 omnibus

2692 1938 2697 2123 ι
