2723 4326
160 212 254 267 V.
300 212 384 267 18.
2194 217 2321 280 259

166 387 409 454 Osred
454 411 615 475 puer
652 397 795 453 octo
834 390 1090 453 circiter
1120 411 1432 453 annorum
1462 392 1762 473 regnauit
1793 392 1973 455 annis
2006 391 2318 458 undecim.

162 476 406 542 Huius
470 479 655 562 regni
720 478 1029 565 principio
1094 480 1361 543 antistes
1422 476 1937 544 Occidentalium
1994 478 2323 545 Saxonum

160 565 449 631 Haeddi
494 568 835 632 caelestem
881 569 1190 651 migrauit
1233 567 1316 632 ad
1346 569 1568 635 uitam.
1630 568 1851 632 Bonus
1899 571 2137 655 quippe
2183 582 2322 636 erat

162 656 289 719 uir
320 678 399 721 ac
436 658 640 721 iustus
687 665 752 721 et
798 657 1225 743 episcopalem
1272 658 1475 721 uitam
1521 659 1658 721 siue
1705 658 2064 722 doctrinam
2111 663 2320 745 magis

165 747 383 809 insito
447 745 570 810 sibi
632 746 946 809 uirtutum
1010 767 1229 810 amore
1292 768 1486 832 quam
1550 746 1928 811 lectionibus
1992 749 2320 813 institutus

168 835 553 899 exercebat.
644 834 943 920 Denique
1009 837 1565 900 reuerentissimus
1634 838 1903 900 antistes
1966 835 2318 920 Pecthelm,

168 923 267 988 de
320 945 444 1009 quo
491 925 558 988 in
604 924 1020 1009 sequentibus
1068 946 1181 988 suo
1227 925 1368 989 loco
1428 923 1768 989 dicendum
1829 934 1952 1009 est,
2016 927 2125 1011 qui
2173 949 2317 990 cum

168 1035 558 1077 successore
606 1014 741 1077 eius
788 1012 1132 1077 Aldhelmo
1177 1012 1381 1078 multo
1427 1022 1716 1099 tempore
1761 1012 1969 1078 adhuc
2017 1013 2318 1079 diaconus

168 1104 327 1165 siue
375 1101 724 1165 monachus
769 1101 911 1186 fuit,
957 1101 1201 1166 referre
1248 1111 1343 1166 est
1390 1101 1632 1186 solitus,
1683 1102 1849 1187 quod
1891 1105 1953 1166 in
1985 1102 2144 1186 loc0,
2194 1126 2317 1189 quo

168 1189 526 1255 defunctus
560 1200 675 1269 est,
724 1190 805 1255 ob
837 1192 1137 1255 meritum
1184 1192 1542 1256 sanctitatis
1577 1193 1713 1255 eius
1743 1191 1945 1255 multa
1976 1193 2318 1257 sanitatum

171 1282 318 1344 sint
364 1289 618 1366 patrata
661 1278 991 1362 miracula,
1038 1279 1458 1366 hominesque
1503 1282 1872 1366 prouinciae
1901 1280 2069 1345 illius
2102 1281 2318 1347 solitos

172 1370 472 1433 ablatum
538 1366 689 1433 inde
756 1368 1096 1456 puluerem
1170 1379 1436 1457 propter
1509 1371 1887 1454 languentes
1951 1372 2020 1435 in
2082 1393 2319 1456 aquam

170 1460 444 1523 mittere
476 1468 671 1544 atque
716 1457 903 1522 huius
951 1467 1210 1542 gustum
1256 1462 1395 1523 siue
1439 1459 1876 1545 aspersionem
1907 1457 2123 1523 multis
2155 1462 2317 1527 sani-

174 1557 392 1612 tatem
421 1548 702 1632 aegrotis
736 1556 801 1611 et
830 1546 1190 1611 hominibus
1225 1556 1289 1611 et
1320 1547 1660 1634 pecoribus
1693 1548 2009 1630 conferre3
2051 1559 2318 1634 propter

175 1637 359 1722 quod
414 1638 738 1723 frequenti
790 1634 1113 1701 ablatione
1168 1636 1456 1722 pulueris
1512 1639 1678 1701 sacri
1730 1637 1904 1700 fossa
1948 1638 2033 1700 sit
2076 1637 2316 1703 ibidem

175 1728 361 1790 facta
406 1748 534 1789 non
578 1726 866 1792 minima.

367 1812 511 1892 Quo
570 1813 887 1898 defunctO,
951 1814 1357 1900 episcopatus
1415 1814 1785 1899 prouinciae
1823 1814 1990 1878 illius
2036 1816 2103 1879 in
2157 1816 2314 1879 duas

175 1903 557 1990 parrochias
617 1902 857 1967 diuisus
914 1912 1031 1967 est.
1095 1901 1243 1966 Vna
1288 1902 1440 1966 data
1482 1902 1814 1983 Daniheli,
1877 1925 2068 1989 quam
2114 1926 2316 1990 usque

177 1994 375 2060 hodie
420 1995 617 2078 regit3
664 1992 866 2057 altera
910 1990 1274 2076 Aldhelmo,
1324 1993 1427 2055 cui
1473 1992 1653 2055 annis
1690 1990 1835 2056 IIII
1880 1993 2314 2057 strenuissime

178 2082 491 2170 praefuit3
555 2080 745 2147 ambo
806 2090 871 2146 et
928 2082 995 2144 in
1054 2080 1246 2145 rebus
1306 2080 1754 2146 ecclesiasticis
1816 2089 1879 2145 et
1934 2082 2001 2145 in
2045 2084 2314 2147 scientia

179 2175 650 2260 scripturarum
726 2171 1122 2236 sufficienter
1198 2170 1511 2236 instructi.
1611 2170 1910 2257 Denique
1985 2169 2310 2257 Aldhelm,

180 2286 331 2327 cum
391 2261 600 2326 adhuc
659 2270 826 2325 esset
885 2259 1228 2347 presbyter
1287 2269 1352 2325 et
1410 2260 1612 2325 abbas
1671 2261 2071 2345 monasterii,
2145 2262 2315 2347 quod

179 2349 498 2417 ‘Maildufi
541 2349 789 2414 urbem'
835 2358 1228 2435 nuncupant,
1277 2350 1561 2435 scripsit,
1608 2350 1869 2415 iubente
1892 2346 2132 2434 synodo
2158 2372 2312 2415 suae

180 2442 426 2528 gentis,
492 2439 728 2504 librum
795 2441 1133 2524 egregium
1202 2437 1510 2503 aduersus
1579 2460 1863 2502 errorem
1908 2438 2310 2524 Brettonum,

181 2553 311 2617 quo
355 2529 460 2594 uel
505 2528 745 2615 pascha
788 2549 918 2593 non
963 2549 1075 2591 suo
1123 2537 1414 2614 tempore
1461 2527 1786 2593 celebrant
1845 2527 1952 2592 uel
1997 2527 2123 2592 alia
2166 2551 2310 2614 per·

178 2622 369 2706 plura
415 2618 887 2683 ecclesiasticae
934 2619 1213 2681 castitati
1244 2627 1307 2681 et
1338 2617 1483 2702 paci
1519 2618 1841 2681 contraria
1886 2625 2118 2700 gerunt
2155 2617 2312 2682 mul-

182 2718 408 2794 tosque
442 2728 682 2790 eorum,
731 2708 841 2793 qui
872 2703 1399 2771 occidentalibus
1433 2703 1799 2772 Saxonibus
1847 2703 2082 2770 subditi
2130 2715 2312 2771 erant

182 2797 542 2877 Brettones‚
590 2794 674 2859 ad
720 2794 1102 2859 catholicam
1148 2794 1452 2859 dominici
1492 2792 1769 2881 paschae
1817 2793 2312 2861 celebrationem

181 2887 367 2952 huius
412 2885 688 2950 lectione
733 2883 1052 2971 perduxit.
1117 2881 1390 2970 Scripsit
1423 2893 1486 2947 et
1533 2882 1611 2948 de
1659 2884 2030 2968 uirginitate
2075 2884 2308 2948 librum

184 2977 514 3059 eximium,
572 2996 761 3060 quem
805 2975 873 3037 in
922 2973 1287 3058 exemplum
1334 2971 1584 3038 Sedulii
1629 2973 1956 3058 geminato
2004 2995 2200 3061 opere
2246 2981 2310 3037 et

185 3066 472 3130 uersibus
518 3063 911 3129 hexametris
960 3071 1024 3126 et
1070 3084 1261 3148 prosa
1307 3063 1683 3148 composuit.
1765 3059 2042 3148 Scripsit
2074 3072 2140 3127 et
2187 3063 2311 3126 alia

186 3153 497 3237 nonnulla,
545 3161 769 3239 utpote
800 3154 900 3216 uir
930 3149 1376 3237 undecumque
1423 3150 1854 3215 doctissimus:
1903 3172 2050 3215 nam
2084 3161 2148 3214 et
2182 3173 2310 3215 ser-

188 3265 369 3308 mone
427 3240 667 3306 nitidus
723 3251 788 3306 et
840 3241 1329 3326 scripturarum,
1402 3249 1474 3304 ut
1533 3238 1692 3323 dixi,
1754 3248 1891 3304 tam
1953 3239 2310 3304 liberalium

190 3353 375 3418 quam
440 3331 1019 3396 ecclesiasticarum
1088 3338 1228 3394 erat
1292 3329 1652 3394 eruditione
1713 3329 2060 3395 mirandus
2162 3325 2307 3405 Quo

190 3422 481 3486 defuncto
527 3417 967 3507 pontificatum
1003 3441 1120 3505 pro
1153 3440 1227 3482 eo
1274 3420 1556 3504 suscepit
1585 3415 1906 3502 Fortheri,
1955 3417 2066 3503 qui
2106 3439 2310 3503 usque

190 3509 368 3575 hodie
430 3517 750 3596 superest3
820 3509 921 3572 uir
968 3518 1032 3572 et
1077 3507 1215 3594 ipse
1261 3509 1328 3571 in
1375 3508 1707 3594 scripturis
1755 3509 1991 3572 sanctis
2036 3506 2309 3570 multum

191 3598 483 3664 eruditus.

357 3686 605 3766 Quibus
670 3687 1108 3773 episcopatum
1175 3685 1789 3749 amministrantibus
1854 3693 2163 3749 statutum
2209 3695 2308 3749 est

194 3776 471 3863 synodali
517 3776 795 3859 decreto,
841 3784 913 3838 ut
949 3775 1283 3859 prouincia
1312 3773 1712 3838 Australium
1743 3771 2094 3858 Saxonum,
2142 3796 2308 3859 quae

196 3876 441 3930 eatenus
489 3863 570 3930 ad
618 3865 894 3928 ciuitatis
927 3863 1281 3947 Ventanae,
1330 3864 1435 3927 cui
1479 3871 1631 3926 tunc
1660 3862 1940 3926 Danihel
1986 3871 2303 3949 praeerat,
