2723 4326
173 211 297 263 1111.
337 211 421 266 28.
2182 215 2220 275 2
2232 214 2262 276 l
2274 213 2313 276 9

1105 533 1188 596 28
1239 529 1393 618 [26].

173 688 250 743 vt
277 688 437 744 idem
462 689 528 744 in
555 689 691 744 uita
723 689 1123 746 anchoretica
1148 690 1214 746 et
1241 689 1475 745 fontem
1501 691 1577 745 de
1603 690 1821 746 arente
1860 691 2039 746 terra
2079 692 2315 746 orando

261 777 634 846 produxerIt
671 778 736 834 et
774 779 1049 846 segetem
1088 779 1162 834 de
1201 779 1419 835 labore
1458 794 1741 834 manuum
1777 779 1954 835 ultra
1990 779 2231 848 tempus

930 869 1180 924 serendi
1218 869 1558 938 acceperit.

349 1011 521 1074 Exin
567 1007 894 1076 Cudberct
939 1011 1376 1076 crescentibus
1422 1012 1669 1076 meritis
1716 1012 2061 1096 religiosae
2107 1012 2317 1076 inten-

170 1100 385 1184 tionis,
433 1097 516 1164 ad
560 1100 996 1164 anchoriticae
1028 1123 1281 1187 quoque
1323 1101 1903 1188 contemplationiS,
1953 1123 2119 1186 quae
2151 1097 2315 1164 dixi-

169 1210 336 1268 mus,
385 1188 639 1254 silentia
683 1199 932 1254 secreta
975 1192 1292 1276 peruenit.
1364 1189 1634 1255 Verum
1682 1191 1833 1275 quia
1864 1188 1945 1254 de
1977 1191 2113 1253 uita
2147 1189 2315 1254 illius

172 1286 237 1342 et
282 1277 632 1342 uirtutibus
691 1287 842 1342 ante
893 1300 1094 1342 annos
1151 1280 1368 1366 plures
1424 1278 1820 1343 sufficienter
1884 1288 1950 1343 et
2018 1277 2316 1342 uersibus

172 1366 449 1432 heroicis
495 1376 560 1432 et
609 1366 883 1453 simplici
944 1370 1233 1432 oratione
1295 1370 1821 1453 conscripsimus,
1884 1368 2005 1431 hoc
2063 1376 2317 1432 tantum

168 1456 234 1518 in
279 1457 607 1542 praesenti
637 1478 1142 1522 commemorare
1174 1457 1328 1522 satis
1359 1459 1466 1540 sit,
1510 1456 1682 1543 quod
1712 1457 2001 1521 aditurus
2035 1457 2315 1521 insulam

170 1554 564 1632 protestatus
610 1554 708 1609 est
752 1545 1084 1628 fratribus,
1133 1545 1387 1611 dicens:
1458 1544 1549 1612 ‘Si
1608 1545 1765 1611 mihi
1832 1545 2050 1609 diuina
2104 1548 2318 1630 gratia

171 1636 238 1697 in
282 1633 426 1698 loco
473 1633 580 1698 illo
615 1631 969 1716 donauerit,
1005 1645 1077 1698 ut
1098 1635 1177 1700 de
1205 1656 1398 1721 opere
1430 1657 1736 1699 manuum
1768 1657 2060 1699 mearum
2091 1635 2315 1699 uiuere

171 1745 443 1808 queam,
507 1722 714 1788 libens
773 1722 866 1787 ibi
911 1723 1240 1805 morabor-3
1304 1725 1404 1787 sin
1460 1723 1649 1808 alias,
1706 1722 1790 1787 ad
1847 1745 1963 1787 uos
2010 1724 2316 1788 citissime

173 1811 295 1878 deo
344 1813 604 1877 uolente
651 1818 983 1878 reuertar'.
1077 1812 1242 1877 Erat
1285 1821 1503 1876 autem
1547 1811 1724 1877 locus
1773 1820 1836 1876 et
1880 1834 2088 1897 aquae
2134 1833 2314 1899 pror-

173 1923 281 1965 sus
330 1910 396 1964 et
442 1900 647 1986 frugis
695 1909 762 1966 et
807 1902 1056 1966 arboris
1101 1904 1305 1987 inops,
1355 1901 1470 1965 sed
1518 1910 1585 1966 et
1631 1902 1971 1987 spirituum
2002 1901 2316 1987 maligno-

173 2013 318 2054 rum
364 1989 729 2076 frequentia
775 1990 1093 2055 humanae
1139 1990 1526 2054 habitationi
1572 1992 1781 2054 minus
1828 1988 2311 2054 accommodus:

173 2077 286 2143 sed
333 2077 417 2142 ad
461 2089 686 2144 uotum
732 2080 857 2144 uiri
901 2081 1006 2144 dei
1052 2079 1425 2144 habitabilis
1484 2100 1600 2166 per
1665 2079 1879 2142 omnia
1934 2079 2144 2143 factus
2192 2089 2311 2161 est,

173 2169 493 2254 siquidem
546 2168 629 2234 ad.
687 2168 1037 2236 aduentum
1107 2172 1241 2234 eius
1305 2170 1569 2255 spiritus
1628 2190 1955 2233 recessere
2025 2169 2312 2253 maligni.

171 2257 342 2323 Cum
387 2266 608 2323 autem
651 2260 790 2344 ipse
835 2260 960 2324 sibi
989 2257 1231 2324 ibidem
1263 2257 1549 2344 expulsis
1581 2257 1872 2321 hostibus
1915 2259 2313 2322 mansionem

169 2356 517 2432 angustam
576 2348 1100 2413 circumuallante
1163 2370 1409 2433 aggere
1468 2355 1535 2411 et
1583 2345 1806 2412 domos
1851 2349 1918 2411 in
1964 2368 2045 2411 ea
2088 2368 2309 2411 neces-

173 2438 399 2520 sarias,
447 2437 708 2502 iuuante
755 2437 1029 2503 fratrum
1076 2459 1302 2518 manU,
1360 2437 1426 2502 id.
1474 2445 1573 2501 est
1620 2436 1972 2501 oratorium
2020 2443 2083 2499 et
2128 2434 2311 2500 habi-

173 2526 464 2590 taculum
509 2548 864 2611 commune,
914 2528 1397 2610 construxisset,
1444 2526 1629 2590 iussit
1660 2524 1895 2589 fratres
1924 2526 1993 2587 in
2025 2524 2311 2589 eiusdem

173 2613 525 2680 habitaculi
584 2617 951 2701 pauimento
1008 2616 1266 2681 foueam
1319 2615 1561 2679 facere:
1634 2625 1775 2679 erat
1838 2622 2057 2677 autem
2125 2613 2313 2679 tellus

173 2702 516 2769 durissima
563 2715 628 2768 et
673 2727 955 2787 saxossa,
1006 2706 1109 2769 cui
1154 2704 1329 2769 nulla
1395 2704 1653 2768 omnino
1716 2724 1863 2788 spes
1924 2724 2130 2766 uenae
2177 2701 2314 2766 fon-

168 2801 364 2858 tanae
409 2792 740 2857 uideretur
784 2796 1014 2859 inesse.
1107 2792 1297 2871 Quod
1366 2793 1519 2859 dum
1583 2792 1906 2875 facerent,
1969 2790 2052 2854 ad
2117 2791 2313 2856 fidem

171 2891 239 2946 et
283 2904 513 2967 preces
575 2882 801 2947 famuli
853 2881 988 2966 dei,
1053 2883 1180 2948 alio
1240 2880 1342 2947 die
1401 2904 1571 2967 aqua
1631 2880 1822 2966 plena
1875 2881 2142 2945 inuenta
2188 2892 2309 2962 est,

175 2992 342 3056 quae
400 2993 602 3057 usque
660 2970 744 3035 ad
798 2971 963 3036 hanc
1018 2971 1191 3036 diem
1245 2969 1675 3036 sufficientem
1735 2971 1980 3034 cunctis
2047 2969 2154 3034 illo
2203 2970 2314 3034 ad-

173 3060 579 3125 uenientibus
625 3063 877 3145 gratiae
925 3083 1078 3125 suae
1125 3061 1419 3125 caelestis
1452 3061 1706 3147 copiam
1736 3060 2078 3123 ministrat.
2175 3056 2312 3123 Sed

175 3157 238 3211 et
284 3148 679 3215 ferramenta
723 3149 846 3214 sibi
891 3149 1130 3215 ruralia
1184 3173 1332 3215 cum
1380 3150 1701 3214 frumento
1749 3146 1989 3213 adferri
2034 3149 2313 3232 rogauit,

176 3237 348 3321 quod
379 3235 532 3303 dum
578 3250 966 3324 praeparata
1020 3248 1198 3303 terra
1257 3248 1550 3324 tempore
1612 3258 1896 3320 congruo
1944 3237 2313 3317 seminaret,

174 3326 264 3389 nil
311 3327 592 3410 omnin0,
641 3349 767 3391 non
815 3326 956 3392 dico
1005 3330 1349 3414 spicarum,
1400 3325 1515 3392 sed
1558 3348 1641 3391 ne
1671 3325 1911 3391 herbae
1945 3323 2201 3410 quidem
2232 3347 2317 3390 ex

176 3436 250 3478 eo
297 3417 666 3500 germinare
711 3440 913 3502 usque
959 3415 1042 3481 ad
1096 3419 1360 3482 aestatis
1414 3426 1708 3504 tempora
1741 3415 2031 3499 contigit.
2125 3412 2315 3478 Vnde

177 3504 588 3569 uisitantibus
655 3527 723 3569 se
783 3526 864 3569 ex
921 3528 1099 3571 more
1148 3506 1457 3570 fratribus
1506 3503 1771 3569 ordeum
1818 3504 2002 3566 iussit
2050 3501 2309 3584 adferri,

179 3594 231 3655 si
276 3591 446 3658 forte
492 3593 598 3658 uel
643 3603 878 3659 natura
923 3593 1041 3659 soli
1087 3595 1252 3660 illius
1323 3594 1429 3659 uel
1497 3593 1791 3658 uoluntas
1836 3601 2008 3657 esset
2055 3592 2316 3677 superni

177 3679 523 3765 largitoris,
573 3691 646 3746 ut
693 3683 860 3748 illius
907 3683 1112 3767 frugis
1161 3684 1250 3748 ibi
1282 3685 1495 3770 potius
1530 3704 1717 3768 seges
1750 3682 2045 3745 oriretur.
2126 3678 2316 3759 Quod

179 3768 332 3834 dum
380 3771 504 3835 sibi
550 3771 837 3836 adlatum
882 3772 1054 3837 ultra
1098 3795 1286 3839 omne
1332 3782 1585 3858 tempus
1632 3767 1921 3853 serendi,
1970 3768 2142 3833 ultra
2188 3792 2313 3833 om-

178 3879 326 3923 nem
373 3882 555 3945 spem
602 3860 1030 3926 fructificandi
1077 3860 1305 3928 eodem
1351 3864 1416 3926 in
1463 3882 1622 3946 agro
1670 3868 1951 3941 sereret,
2007 3881 2160 3924 mox
2214 3882 2315 3923 co·
