2723 4326
165 215 235 267 11.
277 217 440 270 6-7.
2227 220 2309 285 75

169 395 482 458 mitteret.
577 390 703 456 ‘An
748 392 894 456 mei'
954 395 1164 478 inquit
1222 392 1481 458 ‘oblitus
1528 416 1596 459 es
1645 396 1953 480 exempli,
2026 397 2135 481 qui
2193 417 2310 483 pro

164 482 460 569 paruulis
507 479 772 564 Christi,
840 503 996 566 quos
1051 482 1208 546 mihi
1253 483 1320 546 in
1374 483 1681 548 indicium
1742 506 1895 548 suae
1952 484 2311 550 dilectionis

167 569 766 653 commendauerat,
815 571 1100 655 uincula,
1155 572 1454 657 uerbera,
1516 594 1837 654 carceres,
1892 573 2312 657 adflictiones,

164 663 382 747 ipsam
428 669 752 745 postremo
799 667 1106 742 mortem,
1163 670 1437 726 mortem
1482 672 1696 726 autem
1746 664 1981 745 cruciS,
2042 663 2123 726 ab
2170 662 2308 726 infi-

163 750 425 814 delibus
470 758 538 814 et
583 748 858 812 inimicis
905 747 1145 813 Christi
1197 752 1338 835 ipse
1394 772 1539 814 cum
1589 747 1846 814 Christo
1907 750 2313 816 coronandus

163 836 477 925 pertuli‘P'
524 837 648 902 His
677 838 853 902 beati
884 839 1060 902 Petri
1104 837 1378 922 flagellis
1423 838 1613 904 simul
1645 847 1711 904 et
1758 838 2313 905 exhortationibus

165 929 496 992 animatus
559 924 838 991 famulus
897 925 1140 992 Christi
1200 926 1615 1006 Laurentius,
1673 950 1828 992 mox
1884 951 2075 994 mane
2138 929 2311 994 facto

162 1019 353 1081 uenit
393 1014 477 1080 ad
521 1037 770 1100 regem,
819 1023 884 1079 et
928 1023 1172 1080 retecto
1217 1019 1627 1100 uestimentO,
1678 1020 1933 1102 quantis
1967 1011 2136 1082 esset
2167 1040 2309 1082 uer-

162 1104 436 1170 beribus
494 1106 841 1188 laceratus,
911 1102 1206 1171 ostendit.
1298 1104 1430 1184 Qui
1476 1106 1747 1169 multum
1792 1107 2061 1171 miratus
2110 1116 2174 1173 et
2220 1108 2312 1172 in-

165 1197 456 1281 quirens,
505 1194 646 1278 quis
677 1201 856 1257 tanto
885 1194 1026 1258 uiro
1057 1195 1218 1258 tales
1255 1216 1449 1260 ausus
1495 1203 1665 1259 esset
1710 1196 1937 1282 plagas
1984 1195 2307 1282 infligere:

163 1292 243 1348 ut
288 1283 555 1367 audiuit,
606 1283 758 1368 quia
801 1304 955 1347 suae
1002 1303 1195 1348 causa
1242 1283 1467 1348 salutis
1514 1285 1855 1370 episcopus
1898 1285 1981 1349 ab
2020 1285 2311 1371 apostolo

165 1372 420 1440 Christi
476 1379 660 1437 tanta
720 1381 890 1437 esset
947 1381 1273 1437 tormenta
1341 1373 1698 1459 plagasque
1766 1396 2137 1460 perpessus,
2206 1397 2312 1440 ex·

163 1464 390 1528 timuit
447 1461 757 1545 multum3
836 1470 1029 1546 atque
1105 1461 1650 1528 anathematizato
1728 1466 1903 1526 omni
1976 1462 2313 1529 idolatriae

165 1552 385 1634 cultu,
461 1550 756 1616 abdicato
828 1550 1100 1614 conubio
1168 1572 1298 1616 non
1366 1551 1693 1636 legitimo,
1773 1554 2053 1638 suscepit
2116 1551 2311 1618 fidem

163 1639 419 1706 Christi
464 1649 530 1705 et
574 1640 940 1725 baptizatus
987 1638 1295 1705 ecclesiae
1341 1641 1557 1725 rebus,
1614 1650 1927 1726 quantum
1972 1641 2195 1726 ualuit,
2245 1644 2312 1706 in

165 1729 470 1794 omnibus
518 1729 851 1793 consulere
895 1751 973 1792 ac
1017 1727 1239 1794 fauere
1283 1731 1551 1794 curauit.

349 1817 532 1882 Misit
577 1819 774 1882 etiam
804 1815 1088 1882 Galliam
1120 1827 1186 1883 et
1231 1820 1565 1882 reuocauit
1595 1817 1919 1882 Mellitum
1952 1841 2027 1882 ac
2056 1816 2310 1884 Iustum

165 1928 412 1991 eosque
458 1905 542 1970 ad
588 1927 735 1971 suas
783 1905 1086 1972 ecclesias
1132 1907 1335 1973 libere
1382 1907 1807 1972 instituendas
1854 1906 2067 1972 redire
2124 1930 2309 1996 prae·

163 1998 374 2083 cepit:
425 1997 536 2082 qui
579 2003 728 2080 post
771 2017 1031 2080 annum,
1082 2018 1166 2060 ex
1189 2017 1314 2082 quo
1361 1998 1677 2080 abierunt,
1724 1998 1972 2060 reuersi
2018 2007 2193 2078 sunt3
2245 2006 2310 2062 et

164 2085 391 2150 Iustus
438 2082 698 2172 quidem
744 2082 829 2148 ad
875 2085 1206 2150 ciuitatem
1246 2084 1455 2169 Hrofi,
1504 2087 1607 2151 cui
1651 2085 2043 2173 praefuerat,
2091 2086 2308 2171 rediit3

164 2174 493 2240 Mellitum
545 2196 702 2238 uero
759 2172 1246 2240 Lundonienses
1302 2178 1674 2263 episcopum
1745 2177 2037 2261 recipere
2092 2174 2312 2241 nolue-

167 2273 345 2347 runt,
391 2264 679 2328 idolatris
724 2265 934 2349 magis
979 2264 1389 2352 pontificibus
1434 2266 1677 2330 seruire
1725 2262 2100 2348 gaudentes.
2162 2264 2317 2329 Non

171 2355 348 2417 enim
393 2362 577 2417 tanta
609 2363 750 2417 erat
782 2354 862 2437 ei,
911 2364 1152 2438 quanta
1195 2356 1366 2440 patri
1412 2355 1610 2441 ipsius
1654 2355 1844 2438 regni
1890 2362 2196 2439 potestas,
2245 2364 2317 2417 ut

173 2444 375 2507 etiam
434 2441 798 2506 nolentibus
846 2464 924 2505 ac
979 2444 1567 2509 contradicentibus
1624 2444 1901 2529 paganis
1953 2442 2317 2507 'antistitem

175 2554 334 2595 suae
381 2540 600 2617 posset
643 2532 947 2596 ecclesiae
990 2530 1283 2598 reddere.
1347 2531 1814 2597 Verumtamen
1854 2534 1993 2618 ipse
2026 2554 2172 2596 cum
2204 2554 2321 2597 sua

178 2629 400 2705 gente,
450 2641 533 2685 ex
577 2641 704 2707 quo
751 2620 835 2684 ad
880 2620 1206 2685 dominum
1255 2621 1600 2686 conuersus
1647 2630 1763 2703 est,
1811 2618 2045 2686 diuinis
2078 2644 2145 2685 se
2192 2630 2320 2685 stu-

177 2711 322 2775 duit
391 2712 760 2796 mancipare
826 2711 1208 2798 praeceptis.
1302 2710 1603 2796 Denique
1672 2720 1737 2775 et
1800 2711 1868 2775 in
1930 2711 2320 2776 monasterio

181 2800 545 2866 beatissimi
605 2798 1039 2885 apostolorum
1103 2800 1414 2885 principis
1482 2800 1822 2865 ecclesiam
1893 2808 2155 2865 sanctae
2220 2799 2323 2864 dei

181 2890 536 2975 genetricis
582 2887 756 2971 fecit,
804 2907 996 2973 quam
1027 2891 1429 2955 consecrauit
1458 2888 1982 2976 archiepiscopus
2012 2889 2319 2955 Mellitus.

1229 3120 1290 3186 7.

183 3237 265 3336 rt
289 3276 574 3332 mellitus
609 3276 934 3346 opiscopus
960 3277 1233 3331 flammas
1273 3269 1556 3333 ardentis
1582 3291 1729 3333 suae
1768 3276 2054 3333 ciuitatis
2094 3275 2326 3332 orando

1063 3365 1464 3422 rostlnxerlt.

367 3507 516 3573 Hoc
564 3510 737 3573 enim
781 3517 1095 3593 regnante
1139 3532 1299 3595 rege
1343 3510 1571 3573 beatus
1615 3507 2133 3595 archiepiscopus
2156 3508 2326 3573 Lau-

187 3598 436 3663 rentius
489 3618 765 3681 regnum
822 3598 1099 3663 caeleste
1154 3598 1523 3664 conscendit
1576 3606 1769 3684 atque
1824 3598 1892 3660 in
1947 3598 2219 3663 ecclesia
2267 3608 2334 3663 et

192 3686 586 3751 monasterio
651 3688 853 3750 sancti
924 3686 1197 3773 apostoli
1258 3688 1439 3751 Petri
1510 3688 1694 3751 iuxta
1768 3688 2331 3772 praedecessorem

191 3798 382 3841 suum
429 3773 874 3859 Augustinum
923 3777 1211 3862 sepultus
1258 3786 1358 3841 est
1406 3775 1509 3840 die
1558 3783 1785 3861 quarto
1831 3773 2168 3842 Nonarum
2212 3778 2332 3841 Fe-

191 3865 632 3930 bruariarum:
682 3874 828 3949 post
874 3886 1067 3950 quem
1098 3864 1402 3949 Mellitus‚
1454 3865 1565 3950 qui
1609 3873 1748 3929 erat
1777 3864 2155 3932 Lundoniae
2202 3868 2333 3952 epi-
