2723 4326
147 179 224 231 Π.
269 179 351 233 12.
2200 183 2307 248 87.

148 358 392 440 gentis,
441 357 544 420 cui
588 364 909 443 praeerat,
959 365 1024 420 et
1053 357 1251 422 uerbo
1300 357 1761 423 exhortationis
1793 357 1963 446 apud
1996 356 2286 422 homines

147 455 220 510 et
276 443 451 531 apud
513 445 797 510 diuinam
859 447 1170 532 pietatem
1231 447 1432 510 uerbo
1502 445 1970 534 deprecationis
2034 455 2283 532 ageret3

143 532 438 619 tandem,
485 543 561 598 ut
605 534 954 600 uerisimile
1000 534 1272 618 uidetur,
1322 532 1543 600 didicit
1587 539 1656 602 in
1702 537 1947 623 spiritu,
1997 544 2068 601 ut
2114 535 2287 621 quod

144 625 259 688 uel
311 624 497 709 quale
543 634 714 689 esset
759 623 1081 688 oraculum
1116 626 1257 708 regi
1289 623 1611 710 quondam
1642 626 1909 690 caelitus
1942 634 2283 689 ostensum.

144 711 300 776 Nec
347 711 580 778 exinde
627 711 890 796 distulit,
941 714 1094 798 quin
1139 715 1439 778 continuo
1486 735 1705 798 regem
1751 721 2145 779 ammoneret
2176 735 2283 778 ex-

143 801 336 887 plere
392 810 642 884 uotum,
706 801 877 888 quod
922 803 988 865 in
1035 803 1290 866 oraculo
1339 802 1461 866 sibi
1516 803 1803 868 exhibito
1850 827 1919 868 se
1965 803 2286 867 facturum

142 892 564 976 promiserat,
607 891 662 954 si
704 891 1010 978 temporis
1055 891 1222 955 illius
1267 893 1591 956 aerumnis
1638 901 1929 957 exemtus
1975 891 2057 956 ad
2101 893 2288 977 regni

138 979 418 1064 fastigia
460 981 848 1067 perueniret.

333 1068 497 1133 Erat
541 1078 756 1133 autem
804 1066 1135 1133 oraculum
1177 1067 1570 1133 huiusmodi:
1635 1066 1800 1134 Cum
1858 1078 2286 1157 persequente

139 1156 334 1221 illum
382 1155 764 1240 Aedilfrido,
812 1157 921 1243 qui
967 1167 1116 1222 ante
1163 1180 1311 1222 eum
1354 1160 1675 1242 regnauit,
1724 1182 1840 1246 per
1884 1158 2141 1224 diuersa
2182 1181 2284 1223 oc-

142 1247 364 1311 cultus
409 1246 551 1312 loca
594 1247 700 1311 uel
744 1268 948 1332 regna
999 1245 1204 1310 multo
1259 1267 1571 1312 annorum
1626 1258 1916 1336 tempore
1975 1246 2286 1334 profugus

140 1344 522 1420 uagaretur,
570 1334 829 1400 tandem
873 1337 1052 1400 uenit
1097 1334 1178 1399 ad
1226 1334 1630 1402 Redualdum
1676 1337 2039 1420 obsecrans,
2087 1346 2155 1401 ut
2191 1337 2285 1400 ui-

141 1433 288 1488 tam
333 1447 517 1489 suam
559 1447 599 1488 a
643 1425 806 1489 tanti
850 1425 1283 1511 persecutoris
1339 1422 1586 1490 insidiis
1640 1426 1908 1492 tutando
1964 1433 2286 1510 seruaret3

143 1515 261 1600 qui
309 1513 585 1578 libenter
631 1535 778 1578 eum
826 1514 1151 1600 excipiens
1198 1515 1492 1600 promisit
1537 1537 1635 1599 se,
1698 1537 1861 1602 quae
1919 1515 2285 1602 petebatur,

142 1625 296 1668 esse
354 1603 694 1668 facturum.
785 1601 876 1668 At
921 1612 1262 1689 postquam
1309 1602 1630 1668 Aedilfrid
1675 1605 1743 1668 in
1786 1603 1909 1669 hac
1955 1626 2101 1668 eum
2145 1625 2287 1690 pro-

141 1693 366 1757 uincia
421 1691 794 1780 apparuisse
841 1699 906 1756 et
952 1691 1122 1778 apud
1179 1714 1406 1775 regem
1460 1693 1628 1757 illius
1682 1693 2085 1758 familiariter
2141 1714 2287 1757 cum

141 1782 339 1846 sociis
386 1781 678 1846 habitare
727 1782 1048 1865 cognouit,
1095 1781 1269 1846 misit
1314 1783 1592 1866 nuntioS,
1641 1784 1753 1869 qui
1800 1779 2129 1846 Redualdo
2176 1803 2283 1867 pe-

140 1871 404 1934 cuniam
473 1871 742 1936 multam
790 1891 908 1956 pro
955 1891 1112 1934 nece
1167 1871 1303 1935 eius
1370 1869 1697 1936 offerrent:
1768 1892 1975 1957 neque
2043 1868 2285 1956 aliquid

189 1958 443 2028 rofecit.
504 1958 684 2023 Misit
731 1957 1029 2043 secundo,
1079 1959 1252 2023 misit
1282 1961 1493 2042 tertio,
1542 1967 1607 2024 et
1639 1960 1997 2047 copiosiora
2028 1959 2285 2044 argenti

140 1983 319 2114 {ona
381 2047 650 2113 offerens
699 2055 762 2110 et
818 2047 1055 2112 bellum
1115 2050 1377 2135 insuper
1434 2048 1554 2130 illi,
1624 2049 1678 2112 si
1747 2057 2282 2133 contemneretur,

139 2137 457 2205 indicens.
518 2135 646 2217 Qui
677 2137 782 2201 uel
830 2137 1015 2201 minis
1062 2138 1306 2202 fractus
1351 2137 1457 2203 uel
1502 2146 1839 2225 corruptus
1884 2139 2280 2223 muneribus,

142 2230 340 2293 cessit
385 2227 778 2315 deprecanti,
827 2236 894 2291 et
937 2228 1074 2292 siue
1121 2227 1414 2293 occidere
1446 2249 1514 2291 se
1541 2226 1912 2293 Aeduinum
1944 2250 2055 2291 seu
2100 2227 2285 2311 lega-

139 2318 329 2381 tariis
373 2315 629 2381 tradere
676 2316 986 2402 promisit.
1047 2314 1235 2394 Quod
1265 2316 1377 2380 ubi
1422 2315 1765 2381 fidissimus
1813 2316 2073 2403 quidam
2121 2317 2276 2379 ami-

141 2428 256 2470 cus
303 2405 473 2471 illius
518 2403 1005 2488 animaduertit,
1052 2406 1317 2470 intrauit
1364 2406 1725 2471 cubiculum
1743 2457 1762 2490 ,
1827 2427 1952 2494 quo
2000 2404 2281 2471 dormire

144 2493 532 2582 disponebat
596 2491 764 2581 (erat
809 2495 980 2559 enim
1027 2497 1237 2580 prima
1277 2495 1439 2560 hora
1484 2492 1748 2581 noctis),
1816 2506 1882 2560 et
1945 2503 2283 2559 euocatum

139 2584 350 2667 foras,
417 2582 569 2669 quid
615 2606 776 2667 erga
821 2605 968 2649 eum
1014 2606 1213 2669 agere
1258 2606 1378 2647 rex
1422 2585 1847 2670 promisisset,
1914 2582 2168 2648 edocuit
2215 2591 2280 2647 et

141 2674 409 2760 insuper
467 2670 730 2737 adiecit:
779 2670 873 2738 ‘Si
919 2694 1076 2758 ergo
1121 2674 1247 2757 uis,
1307 2672 1430 2737 hac
1484 2674 1624 2759 ipsa
1684 2671 1842 2737 hora
1902 2672 2169 2737 educam
2214 2681 2281 2736 te

143 2762 223 2828 de
272 2763 396 2827 hac
441 2763 773 2847 prouincia
819 2770 885 2827 et
931 2784 1006 2825 ea
1050 2764 1114 2826 in
1158 2763 1300 2827 loca
1343 2759 1768 2847 introducam,
1815 2762 1926 2827 ubi
1958 2783 2285 2848 nunquam

143 2860 208 2916 te
285 2851 393 2916 uel
455 2849 746 2915 Reduald
819 2851 926 2915 uel
988 2848 1304 2916 Aedilfrid
1382 2851 1670 2916 inuenire
1757 2852 2056 2916 ualeant!
2155 2847 2283 2928 Qui

141 2943 267 3006 ait:
318 2937 606 3005 ‘Gratias
653 2936 912 3025 quidem
957 2961 1080 3023 ago
1127 2940 1620 3005 beneuolentiae
1666 2950 1842 3023 tuae3
1892 2962 2020 3005 non
2065 2948 2286 3005 tamen

141 3030 267 3095 hoc
314 3029 530 3095 facere
577 3051 856 3115 possum,
906 3029 1076 3115 quod
1121 3032 1440 3114 suggeris,
1488 3038 1561 3093 ut
1606 3038 1885 3115 pactum,
1934 3028 2105 3115 quod
2137 3051 2283 3093 cum

142 3128 327 3184 tanto
365 3140 522 3205 rege
552 3120 688 3201 inii,
732 3119 871 3205 ipse
916 3119 1161 3206 primus
1205 3120 1461 3183 irritum
1506 3118 1758 3203 faciam,
1809 3140 1955 3183 cum
1985 3117 2093 3182 ille
2127 3116 2283 3182 mihi

141 3207 232 3273 nil
281 3208 436 3272 mali
482 3208 739 3292 fecerit,
799 3206 892 3271 nil
934 3206 1142 3272 adhuc
1184 3209 1668 3272 inimicitiarum
1730 3206 2034 3272 intulerit.
2108 3204 2280 3284 Quin

143 3298 379 3383 potius,
433 3298 486 3361 si
531 3297 874 3361 moriturus
921 3318 1092 3380 sum,
1139 3296 1245 3362 ille
1292 3320 1396 3361 me
1442 3298 1653 3382 magis
1700 3317 1892 3382 quam
1938 3294 2281 3380 ignobilior

145 3388 486 3472 quisquam
532 3407 636 3450 me
680 3386 872 3449 morti
915 3383 1150 3453 tradat.
1237 3383 1381 3464 Quo
1430 3387 1601 3450 enim
1645 3406 1815 3449 nunc
1861 3385 2121 3467 fugiam,
2172 3384 2281 3470 qui

144 3498 260 3561 per
308 3496 532 3539 omnes
572 3473 934 3539 Brittaniae
980 3476 1341 3562 prouincias
1390 3484 1487 3539 tot
1532 3495 1845 3539 annorum
1892 3483 2281 3558 temporum-

146 3586 268 3649 que
335 3563 667 3628 curriculis
740 3561 1160 3649 uagabundus
1234 3564 1515 3628 hostium
1588 3563 1874 3628 uitabam
1949 3559 2276 3627 insidias?

145 3654 448 3718 Abeunte
493 3654 693 3737 igitur
739 3654 944 3717 amico
991 3653 1302 3717 remansit
1324 3650 1607 3717 Aeduini
1654 3651 1824 3716 solus
1880 3652 2065 3737 foris,
2126 3651 2281 3717 resi-

144 3741 430 3828 densque
476 3752 759 3806 maestus
797 3750 947 3805 ante
976 3741 1289 3829 palatium
1322 3742 1539 3806 multis
1574 3743 1787 3828 coepit
1820 3741 2279 3827 cogitationum

146 3832 429 3897 aestibus
459 3830 654 3915 affici,
689 3827 843 3917 quid
873 3840 1117 3916 ageret,
1152 3852 1358 3917 quoue
1391 3833 1622 3919 pedem
1653 3840 1953 3913 uerteret,
2001 3831 2277 3899 nescius.
