2723 4326
412 160 540 223 248
2371 164 2456 219 V,
2515 166 2610 218 12.
2690 190 2691 193 ¹

412 336 581 420 inde,
629 357 838 421 neque
866 333 1191 401 altitudini
1220 336 1387 401 ullus
1422 358 1560 403 esse
1589 337 1898 401 terminus
1929 336 2280 405 uideretur.
2359 339 2603 426 Coepi

406 435 629 493 autem
674 426 915 509 mirari,
965 447 1162 511 quare
1210 425 1293 491 ad
1339 447 1595 490 murum
1639 425 2109 510 accederemus,
2159 451 2316 493 cum
2373 430 2460 493 in
2517 453 2602 493 eo

411 514 652 580 nullam
707 515 964 580 ianuam
1021 514 1125 579 uel
1180 513 1527 579 fenestram
1575 515 1680 579 uel
1725 537 2062 581 ascensum
2108 517 2364 583 alicubi
2417 540 2593 582 con·

410 606 749 691 spicerem.
843 600 1007 667 Cum
1070 625 1227 688 ergo
1286 604 1801 689 peruenissemus
1847 602 1931 669 ad
1976 627 2266 689 murum,
2339 609 2595 671 statim

408 694 627 759 nescio
684 713 810 777 quo
866 690 1089 757 ordine
1144 692 1383 757 fuimus
1436 695 1506 758 in
1561 694 1930 758 summitate
1989 695 2144 762 eius.
2243 694 2344 759 Et
2413 718 2594 761 ecce
2690 742 2691 745 ,

408 782 500 847 ibi
562 802 827 867 campus
887 789 1025 846 erat
1085 781 1432 845 latissimus
1489 804 1566 847 ac
1623 782 2012 847 laetissimus
2059 792 2392 870 tantaque
2448 784 2594 848 fia·
2690 852 2691 855 ,

408 872 668 955 grantia
724 871 1127 933 uernantium
1190 868 1598 935 flosculorum
1657 870 1910 957 plenus,
1970 882 2042 935 ut
2087 894 2361 937 omnem
2411 895 2592 937 mox

408 960 724 1025 foetorem
754 959 1132 1024 tenebrosae
1164 951 1462 1041 fornacis,
1507 961 1616 1046 qui
1643 982 1748 1025 me
1780 970 2174 1046 peruaserat,
2227 962 2588 1047 effugaret

408 1046 768 1113 admirandi
812 1047 1001 1113 huius
1049 1050 1333 1113 suauitas
1382 1046 1610 1113 odoris.
1674 1048 1886 1114 Tanta
1917 1058 2134 1115 autem
2167 1049 2286 1114 lux
2321 1060 2588 1115 cuncta

408 1160 485 1203 ea
527 1137 671 1203 loca
714 1136 1107 1223 perfuderat,
1155 1146 1228 1201 ut
1273 1138 1447 1201 omni
1493 1135 1828 1224 splendore
1874 1136 2004 1203 diei
2047 1140 2186 1203 siue
2235 1140 2402 1205 solis
2427 1162 2576 1203 me-

408 1224 641 1291 ridiani
687 1222 884 1290 radiis
929 1224 1258 1289 uideretur
1296 1248 1439 1291 esse
1485 1226 1889 1313 praeclarior.
1954 1226 2294 1314 Erantque
2329 1228 2407 1293 in
2441 1228 2579 1292 hoc

408 1336 637 1401 campo
684 1316 1019 1378 innumera
1064 1312 1394 1379 hominum
1439 1315 1800 1380 albatorum
1846 1316 2300 1381 conuenticula
2341 1316 2578 1382 sedes-

405 1426 533 1489 que
576 1403 894 1489 plurimae
938 1404 1270 1487 agminum
1314 1404 1712 1469 laetantium.
1776 1402 2068 1491 Cumque
2114 1406 2287 1469 inter
2317 1405 2576 1471 choros

405 1492 692 1557 felicium
755 1491 1109 1556 incolarum
1174 1490 1423 1557 medios
1468 1514 1571 1559 me
1629 1491 1917 1577 duceret,
1979 1495 2274 1577 cogitare
2343 1496 2566 1581 coepi,

408 1580 578 1667 quod
622 1580 743 1645 hoc
787 1578 1061 1645 fortasse
1108 1590 1279 1647 esset
1323 1603 1596 1668 regnum
1646 1582 1998 1664 caelorum,
2056 1581 2139 1646 de
2185 1605 2316 1668 quo
2369 1606 2568 1671 prae-

395 1670 608 1736 :dicari
632 1671 887 1756 saepius
908 1666 1144 1735 audiui.
1208 1670 1563 1757 Respondit
1591 1669 1696 1735 ille
1735 1672 2043 1757 cogitatui
2074 1693 2252 1736 meo:
2307 1670 2562 1758 „Non“

394 1761 702 1845 inquiens
755 1780 922 1845 „non
945 1757 1066 1823 hoc
1114 1768 1209 1822 est
1255 1781 1532 1844 regnum
1577 1758 1918 1843 caelorum,
1968 1757 2141 1846 quod
2176 1757 2557 1827 autumas.“

586 1845 897 1933 ‘Cumque
956 1847 1376 1933 procedentes
1434 1849 1878 1914 transissemus
1927 1856 1992 1911 et
2035 1846 2154 1911 has
2201 1848 2560 1913 beatorum

401 1937 769 2001 mansiones
834 1938 1202 2023 spirituum,
1269 1937 1509 2023 aspicio
1569 1946 1720 2001 ante
1777 1958 1894 2001 nos
1953 1936 2156 2001 multo
2225 1940 2558 2003 maiorem

402 2026 661 2091 luminis
722 2028 1001 2109 gratiam
1062 2046 1257 2111 quam
1314 2027 1521 2111 prius3
1582 2027 1647 2089 in
1694 2046 1820 2111 qua
1867 2025 2060 2089 etiam
2117 2048 2353 2091 uocem
2405 2048 2557 2091 oan-

402 2116 679 2180 tantium
727 2112 1161 2180 dulcissimam
1208 2112 1452 2198 audiui3
1501 2111 1614 2180 sed
1646 2123 1709 2180 et
1740 2111 1950 2179 odoris
1993 2112 2362 2199 fragrantia
2398 2116 2556 2179 miri

402 2215 587 2270 tanta
632 2203 713 2268 de
761 2204 901 2268 loco
948 2202 1414 2286 effundebatur,
1462 2212 1535 2267 ut
1580 2205 1653 2287 is,
1753 2221 1900 2268 uem
1945 2211 2140 2268 antea
2184 2202 2554 2288 degustans

400 2296 585 2380 quasi
630 2293 987 2357 maximum
1032 2292 1252 2375 rebar,
1314 2293 1443 2357 iam
1501 2313 1723 2378 permo
1769 2293 1903 2356 icus
1949 2289 2106 2356 mihi
2152 2291 2316 2356 odor
2365 2293 2548 2358 uide-

398 2380 633 2448 retur:'
656 2383 821 2446 sicut
853 2382 1046 2445 etiam
1078 2381 1189 2444 lux
1219 2381 1329 2445 illa
1376 2382 1588 2467 campi
1631 2380 1919 2444 florentis
1965 2381 2223 2463 eximia,
2273 2382 2344 2445 in
2371 2404 2548 2446 com-

396 2471 734 2559 paratione
799 2471 967 2553 eius,
1030 2491 1197 2554 quae
1261 2491 1431 2534 nunc
1499 2471 1828 2556 apparuit,
1894 2468 2089 2553 lucie,
2156 2471 2547 2535 tenuissima

398 2581 660 2647 prorsus
719 2556 1063 2624 uidebatur
1108 2568 1173 2623 et
1218 2577 1439 2644 parua.
1531 2556 1609 2623 In
1656 2559 1832 2622 cuius
1891 2558 2351 2622 amoenitatem
2416 2559 2544 2623 loci

397 2672 551 2718 cum
602 2669 719 2712 nos
778 2650 1125 2712 intraturos
1188 2669 1542 2733 sperarem,
1601 2654 1864 2732 repente
1923 2643 2151 2709 ductor
2211 2645 2540 2730 substitit,

396 2760 519 2804 neo
578 2758 787 2820 mora,
849 2757 1146 2820 gressum
1203 2744 1580 2822 retorquens
1639 2737 1780 2821 ipsa
1829 2757 1962 2816 me,
2023 2755 2151 2818 qua
2209 2736 2536 2820 uenimus,

397 2827 505 2892 uia
548 2822 823 2888 reduxit.

578 2912 893 2998 ‘Cumque
956 2915 1200 2978 reuersi
1266 2913 1748 2998 perueniremus
1816 2910 1898 2975 ad
1959 2912 2328 2976 mansiones
2395 2913 2535 2976 illas

396 3003 601 3070 laetas
666 3003 1009 3088 spirituum
1056 2999 1570 3084 candidatorum,
1636 3000 1799 3064 dixit
1843 2997 2024 3062 mihi:
2102 2997 2322 3085 „Scis,
2369 3023 2532 3086 quae

396 3093 525 3159 sint
554 3092 680 3156 ista
712 3093 942 3175 omnia,
993 3112 1161 3177 quae
1193 3085 1494 3154 uidisti?“
1570 3087 1894 3174 Respondi
1917 3108 2066 3172 ego:
2120 3085 2380 3172 „Non.“
2443 3089 2534 3154 Et

395 3183 513 3247 ait:
585 3177 831 3266 „Vallis
888 3179 1023 3262 illa,
1083 3201 1279 3264 quam
1332 3177 1642 3264 aspexisti
1694 3175 1966 3242 flammis
2015 3175 2422 3242 sernentibus
2465 3189 2529 3242 et

394 3269 745 3353 frigoribus
791 3267 1109 3332 horrenda
1153 3265 1400 3352 rigidis,
1446 3268 1584 3353 ipse
1631 3275 1727 3330 est
1771 3265 1965 3346 106116,
2011 3265 2080 3328 111
2111 3285 2240 3349 quo
2291 3268 2525 3331 exami-

393 3357 645 3424 nandae
676 3366 741 3422 et-
773 3356 1189 3441 castigandae
1221 3366 1369 3421 sunt
1397 3357 1650 3422 animae
1679 3353 1951 3433 illorum,
2001 3353 2108 3436 qui
2157 3350 2524 3419 differentes
2689 3357 2691 3438 l

396 3445 686 3512 confiteri
733 3454 797 3510 et
841 3443 1187 3510 emendare
1232 3443 1495 3528 scelera,
1546 3465 1710 3529 quae
1751 3441 2056 3522 fecerant,
2102 3440 2172 3502 in
2203 3441 2350 3527 ipso
2394 3451 2520 3508 tan·
2689 3465 2691 3504 4

396 3535 543 3600 dem
588 3536 814 3598 mortis
860 3533 1131 3598 articulo
1178 3532 1261 3596 ad
1305 3533 1765 3620 paenitentiam
1811 3529 2190 3613 confugiunt
2223 3539 2291 3593 et
2323 3532 2415 3594 sic
2443 3531 2519 3596 de
2690 3563 2691 3566 ¹

390 3645 660 3709 ¹corpore
696 3633 961 3688 exeunt:
1026 3624 1135 3709 qui
1180 3633 1421 3704 tamen,
1482 3622 1633 3706 quia
1689 3617 2147 3688 confessionem
2197 3627 2265 3681 et
2313 3623 2515 3705 paeni-

396 3712 664 3774 tentiam
710 3711 816 3775 uel
860 3713 928 3776 in
972 3720 1179 3775 morte
1226 3710 1604 3794 habuerunt,
1653 3729 1870 3773 omnes
1914 3706 1979 3769 in
2026 3703 2128 3770 die
2175 3705 2399 3776 iudicii
2441 3709 2515 3772 ad

396 3817 669 3879 regnum
728 3798 1049 3864 caelorum
1108 3800 1511 3886 perueniunt.
1602 3795 1856 3864 Multos·
1887 3803 2100 3860 autem
2153 3816 2384 3879 preces
2429 3799 2511 3860 ui-
