2723 4326
137 199 209 251 11.
251 197 303 254 5.
1129 281 1134 288 Ι
2200 200 2283 264 73

138 375 386 461 scripta
429 373 792 458 Anglorum
856 396 1149 440 sermone
1206 374 1515 440 hactenus
1575 375 1893 441 habentur
1949 384 2015 441 et
2070 376 2283 442 obser-

137 474 378 529 uantur
409 464 492 529 ab
525 487 622 530 ea.
685 462 766 527 In
797 463 1028 550 quibus
1059 465 1356 550 primitus
1388 465 1623 551 posuit,
1673 464 1945 550 qualiter
1974 465 2042 530 id
2074 487 2283 530 emen-

136 554 299 618 dare
345 551 636 638 deberet,
683 555 796 639 qui
839 552 1082 640 aliquid
1125 575 1342 618 rerum
1387 554 1491 617 uel
1524 553 1831 618 ecclesiae
1862 553 1966 618 uel
1997 556 2284 640 episcopi

133 642 245 708 uel
275 643 671 729 reliquorum
703 642 996 706 ordinum
1016 642 1189 707 furto
1221 641 1530 707 auferret:
1564 642 1783 708 uolens
1804 643 2050 708 scilicet
2069 644 2283 707 tuitio-

135 755 294 796 nem
327 732 439 816 eis,
490 753 651 818 quos
683 740 748 796 et
781 753 1053 817 quorum
1099 731 1458 796 doctrinam
1497 754 1679 796 susce
1728 741 1885 815 erat,
1931 741 2281 817 praestare.

319 819 483 885 Erat
540 830 762 896 autem
818 821 992 885 idem
1035 817 1416 886 Aedilberct
1467 820 1635 885 filius
1680 755 2032 905 frminrici,
2104 823 2285 886 cuius

134 919 331 997 pater
378 909 577 994 Octa,
634 911 814 974 cuius
859 917 1047 997 pater
1095 907 1292 975 Oeric
1349 918 1777 994 cognomento
1828 909 2013 994 Oisc,
2072 933 2113 974 a
2158 932 2285 996 quo

134 1021 338 1085 reges
371 997 866 1063 Cantuariorum
914 999 1121 1064 solent
1153 997 1499 1084 oiscingas
1546 1001 2019 1085 cognominare.
2085 998 2285 1064 Cuius

135 1097 333 1175 pater
380 1087 685 1172 Hengist,
734 1089 844 1173 qui
891 1109 1038 1152 cum
1085 1087 1214 1153 filio
1263 1111 1378 1153 suo
1428 1086 1585 1154 Oisc
1630 1089 1937 1153 inuitatus
1982 1110 2024 1152 a
2067 1086 2286 1153 Vurti-

137 1198 349 1262 gerno
395 1173 788 1242 Brittaniam
833 1178 1080 1264 primus
1125 1179 1414 1261 intrauit,
1461 1185 1534 1242 ut
1580 1198 1774 1263 supra
1817 1177 2170 1241 retulimus.

321 1264 415 1330 At
473 1287 630 1337 uero
685 1274 831 1353 post
889 1273 1167 1330 mortem
1211 1264 1643 1349 Aedilbercti,
1709 1287 1857 1330 cum
1920 1264 2089 1331 filius
2150 1266 2285 1330 eius

133 1353 441 1420 Eadbald
500 1355 688 1440 regni
747 1354 1186 1440 gubernacula
1247 1358 1665 1442 suscepisset,
1736 1375 1973 1439 magno
2034 1354 2287 1420 tenellis

136 1445 237 1508 ibi
285 1441 498 1509 adhuc
545 1443 855 1510 ecclesiae
903 1445 1248 1509 crementis
1297 1443 1683 1510 detrimento
1729 1444 1868 1508 fuit.
1952 1440 2289 1530 Siquidem

135 1555 272 1598 non
319 1533 525 1598 solum
572 1531 768 1598 fidem
814 1530 1053 1598 Christi
1100 1534 1395 1620 recipere
1440 1533 1763 1615 noluerat,
1820 1531 1936 1598 sed
1982 1542 2047 1598 et
2093 1533 2288 1597 forni-

139 1623 402 1688 catione
446 1623 728 1708 pollutus
762 1630 859 1686 est
889 1622 1023 1706 tali,
1073 1623 1326 1708 qualem
1357 1644 1481 1688 nec
1511 1625 1681 1686 inter
1726 1631 1954 1706 gentes
2000 1622 2287 1686 auditam

136 1711 472 1798 apostolus
531 1719 810 1776 testatur
869 1708 952 1797 (I.
1008 1709 1148 1776 Cor.
1199 1712 1259 1796 5,
1312 1709 1411 1798 1),
1473 1713 1564 1777 ita
1620 1719 1693 1774 ut
1753 1733 2023 1774 uxorem
2082 1713 2285 1798 patris

136 1800 438 1866 haberet.
519 1797 662 1878 Quo
708 1809 984 1885 utroque
1031 1802 1276 1865 scelere
1321 1801 1723 1866 occasionem
1768 1799 1945 1865 dedit
1990 1797 2072 1864 ad
2119 1801 2285 1886 prio-

135 1911 286 1955 rem
330 1890 644 1954 uomitum
689 1889 1062 1955 reuertendi
1091 1887 1212 1973 his,
1261 1890 1372 1976 qui
1403 1888 1521 1953 sub
1551 1889 1822 1973 imperio
1854 1889 1953 1952 sui
1998 1890 2287 1976 parentis

137 1979 248 2044 uel
319 1979 546 2044 fauore
610 1976 717 2042 uel
783 1978 1016 2042 timore
1078 1979 1262 2064 regio
1327 1975 1479 2042 fidei
1540 1985 1606 2042 et
1667 1979 2085 2042 castimoniae
2147 1980 2289 2042 iura

140 2075 585 2154 susceperant.
675 2065 820 2132 Nec
875 2088 1188 2153 supernae
1247 2066 1509 2151 flagella
1566 2067 1981 2131 districtionis
2042 2065 2287 2153 perfido

139 2158 292 2243 regi
339 2154 714 2242 castigando
747 2166 812 2222 et
845 2156 1225 2241 corrigendo
1273 2155 1562 2223 defuere:
1610 2178 1761 2221 nam
1793 2156 2022 2222 crebra
2051 2158 2286 2222 mentis

141 2248 418 2312 uesania
463 2255 528 2310 et
575 2248 836 2333 spiritus
883 2246 1196 2312 immundi
1242 2248 1574 2311 inuasione
1621 2245 2055 2331 premebatur.

330 2336 536 2399 Auxit
579 2345 800 2401 autem
843 2336 1192 2421 procellam
1238 2335 1503 2399 huiusce
1548 2334 2049 2421 perturbationis
2096 2334 2291 2398 etiam

144 2447 324 2489 mors
357 2421 660 2490 Sabereti
688 2425 868 2510 regis
901 2422 1332 2491 Orientalium
1365 2421 1715 2507 Saxonum,
1765 2425 1876 2510 qui
1923 2424 2034 2487 ubi
2085 2444 2291 2507 regna

144 2514 455 2601 perennia
492 2522 718 2600 petens
748 2522 878 2578 tres
911 2535 1058 2579 suos
1089 2512 1273 2598 filios,
1323 2515 1435 2599 qui
1480 2514 1719 2599 pagani
1764 2511 2289 2599 perdurauerant,

147 2604 342 2688 regni
389 2604 766 2690 temporalis
811 2602 1080 2667 heredes
1124 2602 1405 2689 reliquit,
1453 2610 1805 2688 coeperunt
1835 2601 1927 2666 illi
1958 2623 2109 2665 mox
2154 2601 2289 2665 ido-

142 2692 409 2776 latriae,
469 2714 661 2777 quam
708 2693 968 2757 uiuente
1014 2714 1088 2757 eo
1135 2690 1603 2777 aliquantulum
1648 2691 2069 2770 intermisisse
2115 2689 2291 2754 uide-

145 2784 410 2864 bantur,
459 2780 676 2867 palam
721 2782 987 2864 seruire,
1044 2781 1477 2867 subiectisque
1522 2780 1776 2867 populis
1823 2778 1995 2843 idola
2042 2778 2294 2845 colendi

142 2871 423 2935 liberam
501 2869 656 2935 dare
729 2868 1078 2934 licentiam.
1181 2868 1476 2955 Cumque
1550 2867 1848 2934 uiderent
1922 2868 2295 2956 pontificem

147 2958 496 3025 celebratis
555 2960 624 3023 in
687 2957 959 3023 ecclesia
1017 2959 1359 3023 missarum
1424 2957 1769 3023 sollemniis
1839 2958 2292 3023 eucharistiam

144 3048 390 3135 populo
436 3046 624 3129 dare,
671 3044 1000 3129 dicebant,
1048 3056 1122 3111 ut
1167 3048 1365 3132 uulgo
1410 3047 1643 3131 fertur,
1692 3046 1773 3112 ad
1822 3069 1970 3111 eum
2016 3047 2294 3112 barbara

144 3136 356 3203 inflati
403 3136 704 3201 stultitia:
757 3134 996 3214 ‘Quare
1040 3158 1168 3199 non
1202 3144 1266 3200 et
1310 3136 1493 3201 nobis
1539 3137 1817 3222 porrigis
1864 3159 2098 3223 panem
2144 3137 2289 3199 niti-

147 3226 332 3308 dum,
397 3247 590 3311 quem
651 3233 716 3289 et
773 3226 946 3311 patri
1007 3233 1228 3289 nostro
1277 3222 1453 3291 Saba
1500 3222 1621 3311 (sic
1665 3246 1944 3309 namque
1990 3246 2139 3288 eum
2182 3246 2292 3310 ap·

145 3316 394 3401 pellare
439 3311 852 3399 consuerant)
899 3311 1120 3398 dabas,
1169 3322 1236 3380 et
1279 3314 1517 3400 populo
1560 3313 1769 3379 adhuc
1802 3313 1955 3377 dare
1985 3315 2053 3376 in
2086 3312 2289 3377 eccle-

148 3406 244 3469 sia
288 3426 420 3469 non
467 3400 784 3468 desistis?
845 3399 1096 3479 Quibus
1140 3403 1246 3468 ille
1289 3400 1749 3489 respondebat:
1802 3397 1895 3466 ‘Si
1940 3402 2133 3465 uultis
2180 3401 2290 3465 ab-

148 3492 237 3557 lui
283 3493 464 3558 fonte
509 3492 618 3560 illo
665 3491 958 3576 salutari,
1023 3513 1150 3578 quo
1197 3502 1383 3579 pater
1429 3499 1646 3557 uester
1692 3489 1948 3555 ablutus
1996 3498 2121 3574 est,
2180 3512 2294 3575 po-

149 3583 333 3646 testis
381 3582 577 3647 etiam
622 3582 806 3667 panis
853 3583 1088 3665 sancti,
1139 3583 1243 3645 cui
1285 3581 1395 3645 ille
1442 3577 1903 3667 participabat,
1964 3600 2104 3643 esse
2148 3601 2293 3665 par-

149 3672 415 3756 ticipes3
468 3672 568 3734 sin
596 3678 817 3734 autem
851 3668 1183 3734 lauaerum
1229 3672 1406 3734 uitae
1453 3669 1881 3751 contemnitis,
1929 3665 2291 3732 nullatenus

150 3759 382 3825 ualetis
453 3780 688 3845 panem
755 3759 928 3822 uitae
995 3757 1375 3845 percipere.'
1465 3757 1558 3823 At
1602 3756 1721 3823 illi:
1790 3753 1873 3819 ‘N
1880 3756 2147 3821 olumus’
2198 3757 2291 3821 in-

153 3849 382 3934 quiunt
455 3847 718 3912 ‘fontem
782 3846 962 3911 illum
1029 3848 1300 3932 intrare,
1372 3849 1523 3933 quia
1585 3868 1703 3911 nec
1771 3868 1931 3932 opus
1999 3846 2109 3910 illo
2172 3868 2291 3911 nos
