<?xml version="1.0" encoding="UTF-8"?>
<!DOCTYPE html PUBLIC "-//W3C//DTD XHTML 1.0 Transitional//EN"
    "http://www.w3.org/TR/xhtml1/DTD/xhtml1-transitional.dtd">
<html xmlns="http://www.w3.org/1999/xhtml" xml:lang="en" lang="en">
 <head>
  <title>
</title>
<meta http-equiv="Content-Type" content="text/html;charset=utf-8" />
  <meta name='ocr-system' content='tesseract 3.04.00' />
  <meta name='ocr-capabilities' content='ocr_page ocr_carea ocr_par ocr_line ocrx_word'/>
</head>
<body>
  <div class='ocr_page' id='page_1' title='image "./historiaecclesi00venegoog_0248.png"; bbox 0 0 2723 4326; ppageno 0'>
   <div class='ocr_carea' id='block_1_1' title="bbox 422 226 2693 309">
    <p class='ocr_par' dir='ltr' id='par_1_1' title="bbox 422 226 2693 309">
     <span class='ocr_line' id='line_1_1' title="bbox 422 226 2693 309; baseline -0.008 -16"><span class='ocrx_word' id='word_1_1' title='bbox 422 231 553 293; x_wconf 83' lang='lat'><strong>238</strong></span> <span class='ocrx_word' id='word_1_2' title='bbox 2411 226 2490 279; x_wconf 88' lang='lat' dir='ltr'><strong>v.</strong></span> <span class='ocrx_word' id='word_1_3' title='bbox 2537 227 2597 280; x_wconf 88' lang='lat'><strong>8-</strong></span> <span class='ocrx_word' id='word_1_4' title='bbox 2691 286 2693 309; x_wconf 49' lang='grc' dir='ltr'>Ι</span> 
     </span>
    </p>
   </div>
   <div class='ocr_carea' id='block_1_2' title="bbox 414 403 2695 3960">
    <p class='ocr_par' dir='ltr' id='par_1_2' title="bbox 416 403 2695 1293">
     <span class='ocr_line' id='line_1_2' title="bbox 420 403 2590 490; baseline -0 -21"><span class='ocrx_word' id='word_1_5' title='bbox 420 407 629 489; x_wconf 90' lang='lat' dir='ltr'><strong>nicae,</strong></span> <span class='ocrx_word' id='word_1_6' title='bbox 679 404 1056 470; x_wconf 88' lang='lat' dir='ltr'><strong>Theodorus</strong></span> <span class='ocrx_word' id='word_1_7' title='bbox 1102 406 1330 469; x_wconf 86' lang='lat' dir='ltr'><strong>beatae</strong></span> <span class='ocrx_word' id='word_1_8' title='bbox 1386 405 1733 468; x_wconf 80' lang='lat' dir='ltr'><strong>memoriae</strong></span> <span class='ocrx_word' id='word_1_9' title='bbox 1789 403 2309 490; x_wconf 79' lang='lat' dir='ltr'><strong>archiepiscopus</strong></span> <span class='ocrx_word' id='word_1_10' title='bbox 2358 426 2590 468; x_wconf 83' lang='lat' dir='ltr'><strong>senex</strong></span> 
     </span>
     <span class='ocr_line' id='line_1_3' title="bbox 422 489 2586 581; baseline -0.001 -22"><span class='ocrx_word' id='word_1_11' title='bbox 422 506 486 559; x_wconf 91' lang='lat' dir='ltr'><strong>et</strong></span> <span class='ocrx_word' id='word_1_12' title='bbox 532 496 758 581; x_wconf 89' lang='lat' dir='ltr'><strong>plenus</strong></span> <span class='ocrx_word' id='word_1_13' title='bbox 803 495 1069 578; x_wconf 89' lang='lat' dir='ltr'><strong>dierum,</strong></span> <span class='ocrx_word' id='word_1_14' title='bbox 1118 493 1184 557; x_wconf 88' lang='lat' dir='ltr'><strong>id</strong></span> <span class='ocrx_word' id='word_1_15' title='bbox 1216 503 1315 558; x_wconf 90' lang='lat' dir='ltr'><strong>est</strong></span> <span class='ocrx_word' id='word_1_16' title='bbox 1360 514 1668 557; x_wconf 87' lang='lat' dir='ltr'><strong>annorum</strong></span> <span class='ocrx_word' id='word_1_17' title='bbox 1703 490 2162 574; x_wconf 85' lang='lat' dir='ltr'>LXXXVIII,</span> <span class='ocrx_word' id='word_1_18' title='bbox 2211 489 2586 557; x_wconf 87' lang='lat' dir='ltr'><strong>defunctus</strong></span> 
     </span>
     <span class='ocr_line' id='line_1_4' title="bbox 423 580 2695 670; baseline -0.001 -22"><span class='ocrx_word' id='word_1_19' title='bbox 423 593 546 648; x_wconf 87' lang='lat' dir='ltr'><strong>est:</strong></span> <span class='ocrx_word' id='word_1_20' title='bbox 617 605 808 670; x_wconf 87' lang='lat' dir='ltr'><strong>quem</strong></span> <span class='ocrx_word' id='word_1_21' title='bbox 858 606 926 647; x_wconf 90' lang='lat' dir='ltr'><strong>se</strong></span> <span class='ocrx_word' id='word_1_22' title='bbox 971 605 1306 647; x_wconf 90' lang='lat' dir='ltr'><strong>numerum</strong></span> <span class='ocrx_word' id='word_1_23' title='bbox 1367 603 1679 647; x_wconf 86' lang='lat' dir='ltr'><strong>annorum</strong></span> <span class='ocrx_word' id='word_1_24' title='bbox 1735 581 1932 645; x_wconf 89' lang='lat' dir='ltr'><strong>fuisse</strong></span> <span class='ocrx_word' id='word_1_25' title='bbox 1988 580 2362 645; x_wconf 88' lang='lat' dir='ltr'><strong>habiturum</strong></span> <span class='ocrx_word' id='word_1_26' title='bbox 2421 584 2584 667; x_wconf 89' lang='lat' dir='ltr'><strong>ipse</strong></span> <span class='ocrx_word' id='word_1_27' title='bbox 2693 603 2695 669; x_wconf 64' lang='lat'><strong>1</strong></span> 
     </span>
     <span class='ocr_line' id='line_1_5' title="bbox 420 669 2695 757; baseline -0.001 -20"><span class='ocrx_word' id='word_1_28' title='bbox 420 671 792 738; x_wconf 87' lang='lat' dir='ltr'><strong>iamdudum</strong></span> <span class='ocrx_word' id='word_1_29' title='bbox 869 673 1098 736; x_wconf 90' lang='lat' dir='ltr'><strong>somnii</strong></span> <span class='ocrx_word' id='word_1_30' title='bbox 1171 671 1567 736; x_wconf 87' lang='lat' dir='ltr'><strong>reuelatione</strong></span> <span class='ocrx_word' id='word_1_31' title='bbox 1643 669 1906 735; x_wconf 87' lang='lat' dir='ltr'><strong>edoctus</strong></span> <span class='ocrx_word' id='word_1_32' title='bbox 1975 672 2106 734; x_wconf 90' lang='lat' dir='ltr'><strong>suis</strong></span> <span class='ocrx_word' id='word_1_33' title='bbox 2182 670 2582 757; x_wconf 83' lang='lat' dir='ltr'><strong>praedicere</strong></span> <span class='ocrx_word' id='word_1_34' title='bbox 2693 674 2695 735; x_wconf 83' lang='lat' dir='ltr'><strong>i</strong></span> 
     </span>
     <span class='ocr_line' id='line_1_6' title="bbox 420 758 2695 846; baseline -0 -21"><span class='ocrx_word' id='word_1_35' title='bbox 420 762 684 827; x_wconf 80' lang='lat' dir='ltr'><strong>solebat.</strong></span> <span class='ocrx_word' id='word_1_36' title='bbox 778 760 1020 825; x_wconf 85' lang='lat' dir='ltr'><strong>Mansit</strong></span> <span class='ocrx_word' id='word_1_37' title='bbox 1065 768 1281 825; x_wconf 87' lang='lat' dir='ltr'><strong>autem</strong></span> <span class='ocrx_word' id='word_1_38' title='bbox 1327 762 1396 823; x_wconf 94' lang='lat' dir='ltr'><strong>in</strong></span> <span class='ocrx_word' id='word_1_39' title='bbox 1444 762 1819 846; x_wconf 85' lang='lat' dir='ltr'><strong>episcopatu</strong></span> <span class='ocrx_word' id='word_1_40' title='bbox 1875 760 2058 823; x_wconf 86' lang='lat' dir='ltr'><strong>annis</strong></span> <span class='ocrx_word' id='word_1_41' title='bbox 2111 760 2345 843; x_wconf 88' lang='lat' dir='ltr'><strong>uiginti</strong></span> <span class='ocrx_word' id='word_1_42' title='bbox 2404 760 2576 824; x_wconf 90' lang='lat' dir='ltr'><strong>duo-</strong></span> <span class='ocrx_word' id='word_1_43' title='bbox 2693 758 2695 763; x_wconf 69' lang='grc'>’</span> 
     </span>
     <span class='ocr_line' id='line_1_7' title="bbox 417 846 2575 938; baseline -0.001 -24"><span class='ocrx_word' id='word_1_44' title='bbox 417 852 539 915; x_wconf 89' lang='lat' dir='ltr'><strong>bus</strong></span> <span class='ocrx_word' id='word_1_45' title='bbox 602 851 1016 938; x_wconf 87' lang='lat' dir='ltr'><strong>sepultusque</strong></span> <span class='ocrx_word' id='word_1_46' title='bbox 1081 858 1178 913; x_wconf 90' lang='lat' dir='ltr'><strong>est</strong></span> <span class='ocrx_word' id='word_1_47' title='bbox 1245 850 1311 911; x_wconf 89' lang='lat' dir='ltr'><strong>in</strong></span> <span class='ocrx_word' id='word_1_48' title='bbox 1381 848 1653 913; x_wconf 88' lang='lat' dir='ltr'><strong>ecclesia</strong></span> <span class='ocrx_word' id='word_1_49' title='bbox 1717 849 1922 913; x_wconf 88' lang='lat' dir='ltr'><strong>sancti</strong></span> <span class='ocrx_word' id='word_1_50' title='bbox 1985 846 2192 931; x_wconf 87' lang='lat' dir='ltr'><strong>Petri,</strong></span> <span class='ocrx_word' id='word_1_51' title='bbox 2274 850 2339 912; x_wconf 91' lang='lat' dir='ltr'><strong>in</strong></span> <span class='ocrx_word' id='word_1_52' title='bbox 2430 871 2575 935; x_wconf 90' lang='lat' dir='ltr'><strong>qua</strong></span> 
     </span>
     <span class='ocr_line' id='line_1_8' title="bbox 419 936 2570 1025; baseline -0.001 -21"><span class='ocrx_word' id='word_1_53' title='bbox 419 942 706 1004; x_wconf 91' lang='lat' dir='ltr'><strong>omnium</strong></span> <span class='ocrx_word' id='word_1_54' title='bbox 764 941 1208 1025; x_wconf 87' lang='lat' dir='ltr'><strong>episcoporum</strong></span> <span class='ocrx_word' id='word_1_55' title='bbox 1254 936 1844 1002; x_wconf 87' lang='lat' dir='ltr'><strong>Doruuernensium</strong></span> <span class='ocrx_word' id='word_1_56' title='bbox 1907 946 2054 1001; x_wconf 90' lang='lat' dir='ltr'><strong>sunt</strong></span> <span class='ocrx_word' id='word_1_57' title='bbox 2116 959 2391 1021; x_wconf 90' lang='lat' dir='ltr'><strong>corpora</strong></span> <span class='ocrx_word' id='word_1_58' title='bbox 2447 936 2570 1001; x_wconf 90' lang='lat' dir='ltr'><strong>de-</strong></span> 
     </span>
     <span class='ocr_line' id='line_1_9' title="bbox 420 1024 2579 1115; baseline -0.001 -22"><span class='ocrx_word' id='word_1_59' title='bbox 420 1030 655 1115; x_wconf 88' lang='lat' dir='ltr'><strong>posita:</strong></span> <span class='ocrx_word' id='word_1_60' title='bbox 720 1027 801 1092; x_wconf 90' lang='lat' dir='ltr'><strong>de</strong></span> <span class='ocrx_word' id='word_1_61' title='bbox 847 1050 971 1114; x_wconf 88' lang='lat' dir='ltr'><strong>quo</strong></span> <span class='ocrx_word' id='word_1_62' title='bbox 1018 1050 1146 1091; x_wconf 89' lang='lat' dir='ltr'><strong>una</strong></span> <span class='ocrx_word' id='word_1_63' title='bbox 1193 1049 1337 1091; x_wconf 91' lang='lat' dir='ltr'><strong>cum</strong></span> <span class='ocrx_word' id='word_1_64' title='bbox 1387 1026 1783 1091; x_wconf 87' lang='lat' dir='ltr'><strong>consortibus</strong></span> <span class='ocrx_word' id='word_1_65' title='bbox 1832 1025 2118 1090; x_wconf 90' lang='lat' dir='ltr'><strong>eiusdem</strong></span> <span class='ocrx_word' id='word_1_66' title='bbox 2166 1027 2262 1089; x_wconf 87' lang='lat' dir='ltr'><strong>sui</strong></span> <span class='ocrx_word' id='word_1_67' title='bbox 2309 1024 2579 1109; x_wconf 88' lang='lat' dir='ltr'><strong>gradus</strong></span> 
     </span>
     <span class='ocr_line' id='line_1_10' title="bbox 416 1111 2570 1201; baseline -0 -21"><span class='ocrx_word' id='word_1_68' title='bbox 416 1127 595 1183; x_wconf 89' lang='lat' dir='ltr'><strong>recte</strong></span> <span class='ocrx_word' id='word_1_69' title='bbox 639 1141 717 1182; x_wconf 90' lang='lat' dir='ltr'><strong>ac</strong></span> <span class='ocrx_word' id='word_1_70' title='bbox 760 1118 1080 1181; x_wconf 88' lang='lat' dir='ltr'><strong>ueraciter</strong></span> <span class='ocrx_word' id='word_1_71' title='bbox 1126 1116 1250 1180; x_wconf 90' lang='lat' dir='ltr'><strong>dici</strong></span> <span class='ocrx_word' id='word_1_72' title='bbox 1297 1125 1535 1201; x_wconf 86' lang='lat' dir='ltr'><strong>potest,</strong></span> <span class='ocrx_word' id='word_1_73' title='bbox 1586 1116 1736 1201; x_wconf 86' lang='lat' dir='ltr'><strong>quia</strong></span> <span class='ocrx_word' id='word_1_74' title='bbox 1782 1111 2037 1199; x_wconf 81' lang='lat' dir='ltr'><strong>(Eccles.</strong></span> <span class='ocrx_word' id='word_1_75' title='bbox 2085 1116 2192 1197; x_wconf 85' lang='lat'><strong>44,</strong></span> <span class='ocrx_word' id='word_1_76' title='bbox 2238 1117 2344 1199; x_wconf 89' lang='grc'><strong>14)</strong></span> <span class='ocrx_word' id='word_1_77' title='bbox 2397 1121 2570 1179; x_wconf 90' lang='lat' dir='ltr'><strong>‘cor-</strong></span> 
     </span>
     <span class='ocr_line' id='line_1_11' title="bbox 418 1204 2570 1293; baseline -0.001 -22"><span class='ocrx_word' id='word_1_78' title='bbox 418 1230 577 1293; x_wconf 89' lang='lat' dir='ltr'><strong>pora</strong></span> <span class='ocrx_word' id='word_1_79' title='bbox 622 1209 908 1292; x_wconf 86' lang='lat' dir='ltr'><strong>ipsorum</strong></span> <span class='ocrx_word' id='word_1_80' title='bbox 953 1205 1020 1269; x_wconf 89' lang='lat' dir='ltr'><strong>in</strong></span> <span class='ocrx_word' id='word_1_81' title='bbox 1050 1226 1211 1291; x_wconf 89' lang='lat' dir='ltr'><strong>pace</strong></span> <span class='ocrx_word' id='word_1_82' title='bbox 1257 1204 1507 1291; x_wconf 89' lang='lat' dir='ltr'><strong>sepulta</strong></span> <span class='ocrx_word' id='word_1_83' title='bbox 1539 1213 1706 1283; x_wconf 88' lang='lat' dir='ltr'><strong>sunt,</strong></span> <span class='ocrx_word' id='word_1_84' title='bbox 1756 1214 1822 1267; x_wconf 92' lang='lat' dir='ltr'><strong>et</strong></span> <span class='ocrx_word' id='word_1_85' title='bbox 1851 1225 2085 1268; x_wconf 90' lang='lat' dir='ltr'><strong>nomen</strong></span> <span class='ocrx_word' id='word_1_86' title='bbox 2119 1225 2340 1268; x_wconf 90' lang='lat' dir='ltr'><strong>eorum</strong></span> <span class='ocrx_word' id='word_1_87' title='bbox 2373 1206 2570 1269; x_wconf 90' lang='lat' dir='ltr'><strong>uiuet</strong></span> 
     </span>
    </p>

    <p class='ocr_par' dir='ltr' id='par_1_3' title="bbox 415 1290 2570 1737">
     <span class='ocr_line' id='line_1_12' title="bbox 415 1290 2570 1381; baseline -0.001 -22"><span class='ocrx_word' id='word_1_88' title='bbox 415 1298 481 1360; x_wconf 91' lang='lat' dir='ltr'><strong>in</strong></span> <span class='ocrx_word' id='word_1_89' title='bbox 527 1296 977 1381; x_wconf 86' lang='lat' dir='ltr'><strong>generationes</strong></span> <span class='ocrx_word' id='word_1_90' title='bbox 1025 1302 1087 1357; x_wconf 90' lang='lat' dir='ltr'><strong>et</strong></span> <span class='ocrx_word' id='word_1_91' title='bbox 1120 1294 1610 1377; x_wconf 86' lang='lat' dir='ltr'><strong>generationes.’</strong></span> <span class='ocrx_word' id='word_1_92' title='bbox 1673 1290 1761 1356; x_wconf 89' lang='lat' dir='ltr'><strong>Vt</strong></span> <span class='ocrx_word' id='word_1_93' title='bbox 1795 1294 1966 1356; x_wconf 92' lang='lat' dir='ltr'><strong>enim</strong></span> <span class='ocrx_word' id='word_1_94' title='bbox 1999 1291 2283 1356; x_wconf 90' lang='lat' dir='ltr'><strong>breuiter</strong></span> <span class='ocrx_word' id='word_1_95' title='bbox 2315 1293 2570 1377; x_wconf 77' lang='lat' dir='ltr'><strong>dicam,</strong></span> 
     </span>
     <span class='ocr_line' id='line_1_13' title="bbox 415 1380 2562 1469; baseline -0.001 -21"><span class='ocrx_word' id='word_1_96' title='bbox 415 1393 669 1448; x_wconf 89' lang='lat' dir='ltr'><strong>tantum</strong></span> <span class='ocrx_word' id='word_1_97' title='bbox 715 1382 1040 1469; x_wconf 86' lang='lat' dir='ltr'><strong>profectus</strong></span> <span class='ocrx_word' id='word_1_98' title='bbox 1088 1381 1395 1469; x_wconf 85' lang='lat' dir='ltr'><strong>spiritalis</strong></span> <span class='ocrx_word' id='word_1_99' title='bbox 1439 1391 1731 1468; x_wconf 88' lang='lat' dir='ltr'><strong>tempore</strong></span> <span class='ocrx_word' id='word_1_100' title='bbox 1777 1381 2181 1467; x_wconf 85' lang='lat' dir='ltr'><strong>praesulatus</strong></span> <span class='ocrx_word' id='word_1_101' title='bbox 2210 1380 2382 1446; x_wconf 92' lang='lat' dir='ltr'><strong>illius</strong></span> <span class='ocrx_word' id='word_1_102' title='bbox 2416 1381 2562 1446; x_wconf 91' lang='lat' dir='ltr'><strong>An-</strong></span> 
     </span>
     <span class='ocr_line' id='line_1_14' title="bbox 417 1472 2563 1558; baseline 0 -22"><span class='ocrx_word' id='word_1_103' title='bbox 417 1474 671 1557; x_wconf 88' lang='lat' dir='ltr'><strong>glorum</strong></span> <span class='ocrx_word' id='word_1_104' title='bbox 708 1472 1035 1555; x_wconf 83' lang='lat' dir='ltr'><strong>ecclesiae,</strong></span> <span class='ocrx_word' id='word_1_105' title='bbox 1086 1479 1395 1557; x_wconf 87' lang='lat' dir='ltr'><strong>quantum</strong></span> <span class='ocrx_word' id='word_1_106' title='bbox 1428 1492 1752 1556; x_wconf 89' lang='lat' dir='ltr'><strong>nunquam</strong></span> <span class='ocrx_word' id='word_1_107' title='bbox 1792 1482 1981 1535; x_wconf 86' lang='lat' dir='ltr'><strong>antea</strong></span> <span class='ocrx_word' id='word_1_108' title='bbox 2024 1479 2314 1557; x_wconf 90' lang='lat' dir='ltr'><strong>potuere,</strong></span> <span class='ocrx_word' id='word_1_109' title='bbox 2363 1494 2563 1558; x_wconf 88' lang='lat' dir='ltr'><strong>cepe-</strong></span> 
     </span>
     <span class='ocr_line' id='line_1_15' title="bbox 416 1557 2562 1646; baseline -0 -21"><span class='ocrx_word' id='word_1_110' title='bbox 416 1570 585 1625; x_wconf 90' lang='lat' dir='ltr'><strong>runt.</strong></span> <span class='ocrx_word' id='word_1_111' title='bbox 674 1557 869 1624; x_wconf 84' lang='lat' dir='ltr'><strong>Cuius</strong></span> <span class='ocrx_word' id='word_1_112' title='bbox 916 1581 1277 1646; x_wconf 83' lang='lat' dir='ltr'><strong>personam,</strong></span> <span class='ocrx_word' id='word_1_113' title='bbox 1326 1560 1549 1641; x_wconf 87' lang='lat' dir='ltr'><strong>uitam,</strong></span> <span class='ocrx_word' id='word_1_114' title='bbox 1597 1569 1878 1624; x_wconf 87' lang='lat' dir='ltr'><strong>aetatem</strong></span> <span class='ocrx_word' id='word_1_115' title='bbox 1927 1568 1991 1623; x_wconf 91' lang='lat' dir='ltr'><strong>et</strong></span> <span class='ocrx_word' id='word_1_116' title='bbox 2037 1558 2302 1641; x_wconf 86' lang='lat' dir='ltr'><strong>obitum,</strong></span> <span class='ocrx_word' id='word_1_117' title='bbox 2351 1562 2562 1646; x_wconf 88' lang='lat' dir='ltr'><strong>epita-</strong></span> 
     </span>
     <span class='ocr_line' id='line_1_16' title="bbox 417 1647 2564 1737; baseline 0 -23"><span class='ocrx_word' id='word_1_118' title='bbox 417 1650 639 1737; x_wconf 89' lang='lat' dir='ltr'><strong>phium</strong></span> <span class='ocrx_word' id='word_1_119' title='bbox 685 1672 940 1736; x_wconf 90' lang='lat' dir='ltr'><strong>quoque</strong></span> <span class='ocrx_word' id='word_1_120' title='bbox 985 1651 1384 1714; x_wconf 89' lang='lat' dir='ltr'><strong>monumenti</strong></span> <span class='ocrx_word' id='word_1_121' title='bbox 1421 1651 1618 1735; x_wconf 88' lang='lat' dir='ltr'><strong>ipsius</strong></span> <span class='ocrx_word' id='word_1_122' title='bbox 1651 1649 1942 1713; x_wconf 88' lang='lat' dir='ltr'><strong>uersibus</strong></span> <span class='ocrx_word' id='word_1_123' title='bbox 1973 1647 2247 1713; x_wconf 88' lang='lat' dir='ltr'><strong>heroicis</strong></span> <span class='ocrx_word' id='word_1_124' title='bbox 2277 1651 2564 1735; x_wconf 86' lang='lat' dir='ltr'><strong>triginta</strong></span> 
     </span>
    </p>

    <p class='ocr_par' dir='ltr' id='par_1_4' title="bbox 416 1735 2564 1915">
     <span class='ocr_line' id='line_1_17' title="bbox 417 1735 2564 1825; baseline -0.001 -21"><span class='ocrx_word' id='word_1_125' title='bbox 417 1749 481 1804; x_wconf 92' lang='lat' dir='ltr'><strong>et</strong></span> <span class='ocrx_word' id='word_1_126' title='bbox 551 1747 824 1825; x_wconf 89' lang='lat' dir='ltr'><strong>quatuor</strong></span> <span class='ocrx_word' id='word_1_127' title='bbox 889 1737 1102 1825; x_wconf 88' lang='lat' dir='ltr'><strong>palam</strong></span> <span class='ocrx_word' id='word_1_128' title='bbox 1172 1760 1248 1801; x_wconf 88' lang='lat' dir='ltr'><strong>ac</strong></span> <span class='ocrx_word' id='word_1_129' title='bbox 1311 1737 1521 1802; x_wconf 89' lang='lat' dir='ltr'><strong>lucide</strong></span> <span class='ocrx_word' id='word_1_130' title='bbox 1583 1740 1829 1802; x_wconf 86' lang='lat' dir='ltr'><strong>cunctis</strong></span> <span class='ocrx_word' id='word_1_131' title='bbox 1892 1735 1998 1800; x_wconf 91' lang='lat' dir='ltr'><strong>illo</strong></span> <span class='ocrx_word' id='word_1_132' title='bbox 2063 1736 2564 1804; x_wconf 87' lang='lat' dir='ltr'><strong>aduenientibus</strong></span> 
     </span>
     <span class='ocr_line' id='line_1_18' title="bbox 416 1826 1563 1915; baseline -0.003 -22"><span class='ocrx_word' id='word_1_133' title='bbox 416 1828 668 1915; x_wconf 83' lang='lat' dir='ltr'><strong>pandit3</strong></span> <span class='ocrx_word' id='word_1_134' title='bbox 719 1849 991 1913; x_wconf 89' lang='lat' dir='ltr'><strong>quorum</strong></span> <span class='ocrx_word' id='word_1_135' title='bbox 1038 1828 1231 1914; x_wconf 87' lang='lat' dir='ltr'><strong>primi</strong></span> <span class='ocrx_word' id='word_1_136' title='bbox 1278 1837 1428 1891; x_wconf 89' lang='lat' dir='ltr'><strong>sunt</strong></span> <span class='ocrx_word' id='word_1_137' title='bbox 1470 1826 1563 1890; x_wconf 86' lang='lat' dir='ltr'><strong>hi:</strong></span> 
     </span>
    </p>

    <p class='ocr_par' dir='ltr' id='par_1_5' title="bbox 506 1916 2365 2003">
     <span class='ocr_line' id='line_1_19' title="bbox 506 1916 2365 2003; baseline -0.001 -22"><span class='ocrx_word' id='word_1_138' title='bbox 506 1916 656 1981; x_wconf 89' lang='lat' dir='ltr'><strong>‘Hic</strong></span> <span class='ocrx_word' id='word_1_139' title='bbox 703 1939 882 1982; x_wconf 88' lang='lat' dir='ltr'><strong>sacer</strong></span> <span class='ocrx_word' id='word_1_140' title='bbox 927 1918 992 1980; x_wconf 92' lang='lat' dir='ltr'><strong>in</strong></span> <span class='ocrx_word' id='word_1_141' title='bbox 1039 1916 1261 1981; x_wconf 88' lang='lat' dir='ltr'><strong>tumba</strong></span> <span class='ocrx_word' id='word_1_142' title='bbox 1304 1925 1536 2003; x_wconf 86' lang='lat' dir='ltr'><strong>pausat</strong></span> <span class='ocrx_word' id='word_1_143' title='bbox 1583 1938 1727 1979; x_wconf 92' lang='lat' dir='ltr'><strong>cum</strong></span> <span class='ocrx_word' id='word_1_144' title='bbox 1775 1937 2044 2001; x_wconf 89' lang='lat' dir='ltr'><strong>corpore</strong></span> <span class='ocrx_word' id='word_1_145' title='bbox 2089 1916 2365 2002; x_wconf 88' lang='lat' dir='ltr'><strong>praesul,</strong></span> 
     </span>
    </p>

    <p class='ocr_par' dir='ltr' id='par_1_6' title="bbox 597 2003 2330 2089">
     <span class='ocr_line' id='line_1_20' title="bbox 597 2003 2330 2089; baseline 0 -21"><span class='ocrx_word' id='word_1_146' title='bbox 597 2003 805 2083; x_wconf 80' lang='lat' dir='ltr'><strong>Quem</strong></span> <span class='ocrx_word' id='word_1_147' title='bbox 852 2027 1020 2069; x_wconf 91' lang='lat' dir='ltr'><strong>nunc</strong></span> <span class='ocrx_word' id='word_1_148' title='bbox 1069 2004 1485 2070; x_wconf 87' lang='lat' dir='ltr'><strong>Theodorum</strong></span> <span class='ocrx_word' id='word_1_149' title='bbox 1533 2003 1755 2089; x_wconf 91' lang='lat' dir='ltr'><strong>lingua</strong></span> <span class='ocrx_word' id='word_1_150' title='bbox 1800 2004 2073 2088; x_wconf 86' lang='lat' dir='ltr'><strong>Pelasga</strong></span> <span class='ocrx_word' id='word_1_151' title='bbox 2117 2015 2330 2069; x_wconf 88' lang='lat' dir='ltr'><strong>uocat.</strong></span> 
     </span>
    </p>

    <p class='ocr_par' dir='ltr' id='par_1_7' title="bbox 508 2092 2262 2181">
     <span class='ocr_line' id='line_1_21' title="bbox 508 2092 2262 2181; baseline 0 -25"><span class='ocrx_word' id='word_1_152' title='bbox 508 2094 816 2181; x_wconf 89' lang='lat' dir='ltr'><strong>Princeps</strong></span> <span class='ocrx_word' id='word_1_153' title='bbox 862 2092 1254 2180; x_wconf 87' lang='lat' dir='ltr'><strong>pontificum,</strong></span> <span class='ocrx_word' id='word_1_154' title='bbox 1303 2093 1459 2157; x_wconf 81' lang='lat' dir='ltr'><strong>felix</strong></span> <span class='ocrx_word' id='word_1_155' title='bbox 1504 2112 1916 2179; x_wconf 86' lang='lat' dir='ltr'><strong>summusque</strong></span> <span class='ocrx_word' id='word_1_156' title='bbox 1965 2094 2262 2159; x_wconf 88' lang='lat' dir='ltr'><strong>sacerdos</strong></span> 
     </span>
    </p>

    <p class='ocr_par' dir='ltr' id='par_1_8' title="bbox 598 2182 2014 2271">
     <span class='ocr_line' id='line_1_22' title="bbox 598 2182 2014 2271; baseline -0.001 -24"><span class='ocrx_word' id='word_1_157' title='bbox 598 2182 900 2271; x_wconf 89' lang='lat' dir='ltr'><strong>Limpida</strong></span> <span class='ocrx_word' id='word_1_158' title='bbox 946 2182 1273 2270; x_wconf 87' lang='lat' dir='ltr'><strong>discipulis</strong></span> <span class='ocrx_word' id='word_1_159' title='bbox 1320 2184 1629 2268; x_wconf 84' lang='lat' dir='ltr'><strong>dogmata</strong></span> <span class='ocrx_word' id='word_1_160' title='bbox 1674 2183 2014 2247; x_wconf 88' lang='lat' dir='ltr'><strong>disseruit.&#39;</strong></span> 
     </span>
    </p>

    <p class='ocr_par' dir='ltr' id='par_1_9' title="bbox 418 2273 2425 2448">
     <span class='ocr_line' id='line_1_23' title="bbox 418 2273 1046 2339; baseline -0.003 -1"><span class='ocrx_word' id='word_1_161' title='bbox 418 2274 645 2339; x_wconf 89' lang='lat' dir='ltr'><strong>Vltimi</strong></span> <span class='ocrx_word' id='word_1_162' title='bbox 691 2283 907 2338; x_wconf 87' lang='lat' dir='ltr'><strong>autem</strong></span> <span class='ocrx_word' id='word_1_163' title='bbox 951 2273 1046 2336; x_wconf 85' lang='lat' dir='ltr'><strong>hi:</strong></span> 
     </span>
     <span class='ocr_line' id='line_1_24' title="bbox 508 2357 2425 2448; baseline -0.001 -21"><span class='ocrx_word' id='word_1_164' title='bbox 508 2363 827 2448; x_wconf 83' lang='lat' dir='ltr'><strong>‘Namque</strong></span> <span class='ocrx_word' id='word_1_165' title='bbox 875 2362 1043 2426; x_wconf 89' lang='lat' dir='ltr'><strong>diem</strong></span> <span class='ocrx_word' id='word_1_166' title='bbox 1090 2359 1642 2426; x_wconf 87' lang='lat' dir='ltr'><strong>nonamdecimam</strong></span> <span class='ocrx_word' id='word_1_167' title='bbox 1690 2357 2076 2447; x_wconf 85' lang='lat' dir='ltr'><strong>September</strong></span> <span class='ocrx_word' id='word_1_168' title='bbox 2121 2360 2425 2444; x_wconf 86' lang='lat' dir='ltr'><strong>habebat,</strong></span> 
     </span>
    </p>

    <p class='ocr_par' dir='ltr' id='par_1_10' title="bbox 598 2449 2044 2536">
     <span class='ocr_line' id='line_1_25' title="bbox 598 2449 2044 2536; baseline 0.001 -20"><span class='ocrx_word' id='word_1_169' title='bbox 598 2450 761 2516; x_wconf 84' lang='lat' dir='ltr'><strong>Cum</strong></span> <span class='ocrx_word' id='word_1_170' title='bbox 808 2452 1017 2514; x_wconf 90' lang='lat' dir='ltr'><strong>carnis</strong></span> <span class='ocrx_word' id='word_1_171' title='bbox 1063 2450 1342 2515; x_wconf 89' lang='lat' dir='ltr'><strong>claustra</strong></span> <span class='ocrx_word' id='word_1_172' title='bbox 1389 2451 1648 2536; x_wconf 84' lang='lat' dir='ltr'><strong>spiritus</strong></span> <span class='ocrx_word' id='word_1_173' title='bbox 1695 2449 2044 2533; x_wconf 89' lang='lat' dir='ltr'><strong>egreditur.</strong></span> 
     </span>
    </p>

    <p class='ocr_par' dir='ltr' id='par_1_11' title="bbox 507 2538 2112 2623">
     <span class='ocr_line' id='line_1_26' title="bbox 507 2538 2112 2623; baseline -0.002 -17"><span class='ocrx_word' id='word_1_174' title='bbox 507 2541 701 2606; x_wconf 90' lang='lat' dir='ltr'><strong>Alma</strong></span> <span class='ocrx_word' id='word_1_175' title='bbox 744 2561 951 2606; x_wconf 90' lang='lat' dir='ltr'><strong>nouae</strong></span> <span class='ocrx_word' id='word_1_176' title='bbox 1000 2538 1310 2603; x_wconf 85' lang='lat' dir='ltr'><strong>scandens</strong></span> <span class='ocrx_word' id='word_1_177' title='bbox 1356 2539 1512 2602; x_wconf 86' lang='lat' dir='ltr'><strong>felix</strong></span> <span class='ocrx_word' id='word_1_178' title='bbox 1557 2541 1875 2603; x_wconf 86' lang='lat' dir='ltr'><strong>consortia</strong></span> <span class='ocrx_word' id='word_1_179' title='bbox 1920 2540 2112 2623; x_wconf 85' lang='lat' dir='ltr'><strong>uitae,</strong></span> 
     </span>
    </p>

    <p class='ocr_par' dir='ltr' id='par_1_12' title="bbox 595 2628 2032 2713">
     <span class='ocr_line' id='line_1_27' title="bbox 595 2628 2032 2713; baseline -0.001 -19"><span class='ocrx_word' id='word_1_180' title='bbox 595 2628 859 2695; x_wconf 82' lang='lat' dir='ltr'><strong>Ciuibus</strong></span> <span class='ocrx_word' id='word_1_181' title='bbox 906 2628 1211 2713; x_wconf 85' lang='lat' dir='ltr'><strong>angelicis</strong></span> <span class='ocrx_word' id='word_1_182' title='bbox 1256 2630 1510 2692; x_wconf 89' lang='lat' dir='ltr'><strong>iunctus</strong></span> <span class='ocrx_word' id='word_1_183' title='bbox 1555 2629 1619 2691; x_wconf 92' lang='lat' dir='ltr'><strong>in</strong></span> <span class='ocrx_word' id='word_1_184' title='bbox 1666 2650 1814 2692; x_wconf 87' lang='lat' dir='ltr'><strong>arce</strong></span> <span class='ocrx_word' id='word_1_185' title='bbox 1859 2628 2032 2713; x_wconf 85' lang='lat' dir='ltr'><strong>poli.’</strong></span> 
     </span>
    </p>

    <p class='ocr_par' dir='ltr' id='par_1_13' title="bbox 414 2715 2556 3960">
     <span class='ocr_line' id='line_1_28' title="bbox 597 2715 2550 2802; baseline -0.002 -19"><span class='ocrx_word' id='word_1_186' title='bbox 597 2718 923 2784; x_wconf 86' lang='lat' dir='ltr'><strong>Successit</strong></span> <span class='ocrx_word' id='word_1_187' title='bbox 978 2725 1194 2782; x_wconf 87' lang='lat' dir='ltr'><strong>autem</strong></span> <span class='ocrx_word' id='word_1_188' title='bbox 1244 2716 1586 2781; x_wconf 82' lang='lat' dir='ltr'><strong>Theodoro</strong></span> <span class='ocrx_word' id='word_1_189' title='bbox 1634 2718 1700 2780; x_wconf 90' lang='lat' dir='ltr'><strong>in</strong></span> <span class='ocrx_word' id='word_1_190' title='bbox 1757 2717 2131 2802; x_wconf 88' lang='lat' dir='ltr'><strong>episcopatu</strong></span> <span class='ocrx_word' id='word_1_191' title='bbox 2177 2715 2550 2799; x_wconf 82' lang='lat' dir='ltr'><strong>Berctuald,</strong></span> 
     </span>
     <span class='ocr_line' id='line_1_29' title="bbox 417 2805 2548 2893; baseline 0 -23"><span class='ocrx_word' id='word_1_192' title='bbox 417 2810 527 2893; x_wconf 91' lang='lat' dir='ltr'><strong>qui</strong></span> <span class='ocrx_word' id='word_1_193' title='bbox 575 2818 715 2872; x_wconf 89' lang='lat' dir='ltr'><strong>erat</strong></span> <span class='ocrx_word' id='word_1_194' title='bbox 760 2806 961 2871; x_wconf 87' lang='lat' dir='ltr'><strong>abbas</strong></span> <span class='ocrx_word' id='word_1_195' title='bbox 1007 2809 1073 2870; x_wconf 91' lang='lat' dir='ltr'><strong>in</strong></span> <span class='ocrx_word' id='word_1_196' title='bbox 1120 2807 1538 2889; x_wconf 87' lang='lat' dir='ltr'><strong>monasterio,</strong></span> <span class='ocrx_word' id='word_1_197' title='bbox 1589 2805 1758 2891; x_wconf 89' lang='lat' dir='ltr'><strong>quod</strong></span> <span class='ocrx_word' id='word_1_198' title='bbox 1804 2808 1982 2870; x_wconf 85' lang='lat' dir='ltr'><strong>iuxta</strong></span> <span class='ocrx_word' id='word_1_199' title='bbox 2029 2806 2263 2869; x_wconf 89' lang='lat' dir='ltr'><strong>ostium</strong></span> <span class='ocrx_word' id='word_1_200' title='bbox 2310 2807 2548 2891; x_wconf 88' lang='lat' dir='ltr'><strong>aquilo-</strong></span> 
     </span>
     <span class='ocr_line' id='line_1_30' title="bbox 415 2893 2556 2982; baseline -0.001 -22"><span class='ocrx_word' id='word_1_201' title='bbox 415 2896 561 2961; x_wconf 88' lang='lat' dir='ltr'><strong>nale</strong></span> <span class='ocrx_word' id='word_1_202' title='bbox 606 2896 884 2960; x_wconf 91' lang='lat' dir='ltr'><strong>fluminis</strong></span> <span class='ocrx_word' id='word_1_203' title='bbox 918 2893 1252 2961; x_wconf 85' lang='lat' dir='ltr'><strong>Genladae</strong></span> <span class='ocrx_word' id='word_1_204' title='bbox 1296 2896 1577 2982; x_wconf 91' lang='lat' dir='ltr'><strong>positum</strong></span> <span class='ocrx_word' id='word_1_205' title='bbox 1609 2893 1922 2959; x_wconf 89' lang='lat' dir='ltr'><strong>Racuulfe</strong></span> <span class='ocrx_word' id='word_1_206' title='bbox 1966 2904 2401 2981; x_wconf 85' lang='lat' dir='ltr'><strong>nuncupatur:</strong></span> <span class='ocrx_word' id='word_1_207' title='bbox 2449 2897 2556 2958; x_wconf 86' lang='lat' dir='ltr'><strong>uir·</strong></span> 
     </span>
     <span class='ocr_line' id='line_1_31' title="bbox 418 2982 2548 3071; baseline -0.001 -20"><span class='ocrx_word' id='word_1_208' title='bbox 418 2995 482 3051; x_wconf 86' lang='lat' dir='ltr'><strong>et</strong></span> <span class='ocrx_word' id='word_1_209' title='bbox 518 2987 656 3071; x_wconf 85' lang='lat' dir='ltr'><strong>ipse</strong></span> <span class='ocrx_word' id='word_1_210' title='bbox 704 2987 971 3049; x_wconf 89' lang='lat' dir='ltr'><strong>scientia</strong></span> <span class='ocrx_word' id='word_1_211' title='bbox 1016 2986 1480 3071; x_wconf 86' lang='lat' dir='ltr'><strong>scripturarum</strong></span> <span class='ocrx_word' id='word_1_212' title='bbox 1514 2984 1814 3066; x_wconf 86' lang='lat' dir='ltr'><strong>imbutus,</strong></span> <span class='ocrx_word' id='word_1_213' title='bbox 1863 2982 1973 3047; x_wconf 89' lang='lat' dir='ltr'><strong>sed</strong></span> <span class='ocrx_word' id='word_1_214' title='bbox 2005 2993 2070 3048; x_wconf 89' lang='lat' dir='ltr'><strong>et</strong></span> <span class='ocrx_word' id='word_1_215' title='bbox 2102 2983 2548 3048; x_wconf 88' lang='lat' dir='ltr'><strong>ecclesiasticis</strong></span> 
     </span>
     <span class='ocr_line' id='line_1_32' title="bbox 416 3070 2545 3160; baseline -0.001 -21"><span class='ocrx_word' id='word_1_216' title='bbox 416 3076 605 3140; x_wconf 87' lang='lat' dir='ltr'><strong>simul</strong></span> <span class='ocrx_word' id='word_1_217' title='bbox 672 3097 749 3138; x_wconf 90' lang='lat' dir='ltr'><strong>ac</strong></span> <span class='ocrx_word' id='word_1_218' title='bbox 812 3073 1370 3138; x_wconf 86' lang='lat' dir='ltr'><strong>monasterialibus</strong></span> <span class='ocrx_word' id='word_1_219' title='bbox 1438 3070 1789 3160; x_wconf 85' lang='lat' dir='ltr'><strong>disciplinis</strong></span> <span class='ocrx_word' id='word_1_220' title='bbox 1855 3094 2102 3137; x_wconf 87' lang='lat' dir='ltr'><strong>summe</strong></span> <span class='ocrx_word' id='word_1_221' title='bbox 2175 3073 2545 3156; x_wconf 88' lang='lat' dir='ltr'><strong>instructus,</strong></span> 
     </span>
     <span class='ocr_line' id='line_1_33' title="bbox 414 3160 2548 3250; baseline -0.002 -21"><span class='ocrx_word' id='word_1_222' title='bbox 414 3165 675 3229; x_wconf 88' lang='lat' dir='ltr'><strong>tametsi</strong></span> <span class='ocrx_word' id='word_1_223' title='bbox 722 3163 1203 3250; x_wconf 87' lang='lat' dir='ltr'><strong>praedecessori</strong></span> <span class='ocrx_word' id='word_1_224' title='bbox 1250 3184 1364 3226; x_wconf 90' lang='lat' dir='ltr'><strong>suo</strong></span> <span class='ocrx_word' id='word_1_225' title='bbox 1414 3162 1675 3226; x_wconf 90' lang='lat' dir='ltr'><strong>minime</strong></span> <span class='ocrx_word' id='word_1_226' title='bbox 1723 3160 2217 3248; x_wconf 87' lang='lat' dir='ltr'><strong>comparandus:</strong></span> <span class='ocrx_word' id='word_1_227' title='bbox 2268 3163 2380 3247; x_wconf 89' lang='lat' dir='ltr'><strong>qui</strong></span> <span class='ocrx_word' id='word_1_228' title='bbox 2427 3161 2548 3226; x_wconf 91' lang='lat' dir='ltr'><strong>ele-</strong></span> 
     </span>
     <span class='ocr_line' id='line_1_34' title="bbox 416 3249 2544 3337; baseline -0.002 -18"><span class='ocrx_word' id='word_1_229' title='bbox 416 3264 555 3319; x_wconf 91' lang='lat' dir='ltr'><strong>ctus</strong></span> <span class='ocrx_word' id='word_1_230' title='bbox 618 3261 716 3318; x_wconf 90' lang='lat' dir='ltr'><strong>est</strong></span> <span class='ocrx_word' id='word_1_231' title='bbox 775 3249 1034 3337; x_wconf 86' lang='lat' dir='ltr'><strong>quidem</strong></span> <span class='ocrx_word' id='word_1_232' title='bbox 1078 3253 1146 3315; x_wconf 88' lang='lat' dir='ltr'><strong>in</strong></span> <span class='ocrx_word' id='word_1_233' title='bbox 1203 3253 1644 3337; x_wconf 87' lang='lat' dir='ltr'><strong>episcopatum</strong></span> <span class='ocrx_word' id='word_1_234' title='bbox 1703 3272 1868 3314; x_wconf 88' lang='lat' dir='ltr'><strong>anno</strong></span> <span class='ocrx_word' id='word_1_235' title='bbox 1923 3251 2282 3315; x_wconf 87' lang='lat' dir='ltr'><strong>dominicae</strong></span> <span class='ocrx_word' id='word_1_236' title='bbox 2342 3253 2544 3315; x_wconf 87' lang='lat' dir='ltr'><strong>incar-</strong></span> 
     </span>
     <span class='ocr_line' id='line_1_35' title="bbox 414 3337 2542 3425; baseline -0.002 -17"><span class='ocrx_word' id='word_1_237' title='bbox 414 3345 691 3408; x_wconf 85' lang='lat' dir='ltr'><strong>nationis</strong></span> <span class='ocrx_word' id='word_1_238' title='bbox 764 3342 1228 3405; x_wconf 84' lang='lat' dir='ltr'><strong>sexcentesimo</strong></span> <span class='ocrx_word' id='word_1_239' title='bbox 1292 3341 1708 3425; x_wconf 89' lang='lat' dir='ltr'><strong>nonagesimo</strong></span> <span class='ocrx_word' id='word_1_240' title='bbox 1774 3340 2087 3421; x_wconf 87' lang='lat' dir='ltr'><strong>secundo,</strong></span> <span class='ocrx_word' id='word_1_241' title='bbox 2167 3337 2270 3403; x_wconf 89' lang='lat' dir='ltr'><strong>die</strong></span> <span class='ocrx_word' id='word_1_242' title='bbox 2340 3341 2542 3425; x_wconf 89' lang='lat' dir='ltr'><strong>primo</strong></span> 
     </span>
     <span class='ocr_line' id='line_1_36' title="bbox 414 3425 2550 3515; baseline -0.002 -19"><span class='ocrx_word' id='word_1_243' title='bbox 414 3434 649 3497; x_wconf 87' lang='lat' dir='ltr'><strong>mensis</strong></span> <span class='ocrx_word' id='word_1_244' title='bbox 682 3430 850 3513; x_wconf 88' lang='lat' dir='ltr'><strong>Iulii,</strong></span> <span class='ocrx_word' id='word_1_245' title='bbox 883 3429 1304 3515; x_wconf 85' lang='lat' dir='ltr'><strong>regnantibus</strong></span> <span class='ocrx_word' id='word_1_246' title='bbox 1337 3430 1404 3492; x_wconf 89' lang='lat' dir='ltr'><strong>in</strong></span> <span class='ocrx_word' id='word_1_247' title='bbox 1429 3427 1660 3495; x_wconf 87' lang='lat' dir='ltr'><strong>Cantia</strong></span> <span class='ocrx_word' id='word_1_248' title='bbox 1683 3426 1991 3494; x_wconf 83' lang='lat' dir='ltr'><strong>Victredo</strong></span> <span class='ocrx_word' id='word_1_249' title='bbox 2013 3436 2077 3493; x_wconf 90' lang='lat' dir='ltr'><strong>et</strong></span> <span class='ocrx_word' id='word_1_250' title='bbox 2097 3425 2550 3511; x_wconf 68' lang='lat' dir='ltr'><strong>Suaebhardo·,</strong></span> 
     </span>
     <span class='ocr_line' id='line_1_37' title="bbox 414 3516 2542 3604; baseline -0.002 -19"><span class='ocrx_word' id='word_1_251' title='bbox 414 3520 745 3586; x_wconf 87' lang='lat' dir='ltr'><strong>ordinatus</strong></span> <span class='ocrx_word' id='word_1_252' title='bbox 812 3528 1028 3583; x_wconf 86' lang='lat' dir='ltr'><strong>autem</strong></span> <span class='ocrx_word' id='word_1_253' title='bbox 1094 3541 1260 3583; x_wconf 88' lang='lat' dir='ltr'><strong>anno</strong></span> <span class='ocrx_word' id='word_1_254' title='bbox 1326 3527 1633 3604; x_wconf 83' lang='lat' dir='ltr'><strong>sequente</strong></span> <span class='ocrx_word' id='word_1_255' title='bbox 1698 3519 1888 3582; x_wconf 87' lang='lat' dir='ltr'><strong>tertio</strong></span> <span class='ocrx_word' id='word_1_256' title='bbox 1959 3516 2063 3582; x_wconf 89' lang='lat' dir='ltr'><strong>die</strong></span> <span class='ocrx_word' id='word_1_257' title='bbox 2108 3516 2542 3582; x_wconf 89' lang='lat' dir='ltr'><strong>Kalendarum</strong></span> 
     </span>
     <span class='ocr_line' id='line_1_38' title="bbox 414 3605 2544 3692; baseline -0.003 -17"><span class='ocrx_word' id='word_1_258' title='bbox 414 3610 724 3675; x_wconf 91' lang='lat' dir='ltr'><strong>Iuliarum</strong></span> <span class='ocrx_word' id='word_1_259' title='bbox 803 3609 1124 3673; x_wconf 83' lang='lat' dir='ltr'><strong>dominica</strong></span> <span class='ocrx_word' id='word_1_260' title='bbox 1198 3631 1239 3672; x_wconf 88' lang='lat' dir='ltr'><strong>a</strong></span> <span class='ocrx_word' id='word_1_261' title='bbox 1308 3605 1607 3672; x_wconf 80' lang='lat' dir='ltr'><strong>Goduine</strong></span> <span class='ocrx_word' id='word_1_262' title='bbox 1681 3607 2172 3692; x_wconf 88' lang='lat' dir='ltr'><strong>metropolitano</strong></span> <span class='ocrx_word' id='word_1_263' title='bbox 2250 3609 2544 3692; x_wconf 90' lang='lat' dir='ltr'><strong>episcopo</strong></span> 
     </span>
     <span class='ocr_line' id='line_1_39' title="bbox 415 3693 2542 3782; baseline -0.002 -20"><span class='ocrx_word' id='word_1_264' title='bbox 415 3697 804 3762; x_wconf 84' lang='lat' dir='ltr'><strong>Galliarum:</strong></span> <span class='ocrx_word' id='word_1_265' title='bbox 885 3706 950 3762; x_wconf 93' lang='lat' dir='ltr'><strong>et</strong></span> <span class='ocrx_word' id='word_1_266' title='bbox 1026 3697 1194 3761; x_wconf 90' lang='lat' dir='ltr'><strong>sedit</strong></span> <span class='ocrx_word' id='word_1_267' title='bbox 1272 3697 1337 3759; x_wconf 91' lang='lat' dir='ltr'><strong>in</strong></span> <span class='ocrx_word' id='word_1_268' title='bbox 1415 3695 1566 3761; x_wconf 86' lang='lat' dir='ltr'><strong>sede</strong></span> <span class='ocrx_word' id='word_1_269' title='bbox 1642 3718 1758 3761; x_wconf 88' lang='lat' dir='ltr'><strong>sua</strong></span> <span class='ocrx_word' id='word_1_270' title='bbox 1834 3693 2040 3782; x_wconf 88' lang='lat' dir='ltr'><strong>pridie</strong></span> <span class='ocrx_word' id='word_1_271' title='bbox 2106 3694 2542 3760; x_wconf 87' lang='lat' dir='ltr'><strong>Kalendarum</strong></span> 
     </span>
     <span class='ocr_line' id='line_1_40' title="bbox 416 3784 2534 3871; baseline -0.001 -20"><span class='ocrx_word' id='word_1_272' title='bbox 416 3785 900 3871; x_wconf 84' lang='lat' dir='ltr'><strong>Septembrium</strong></span> <span class='ocrx_word' id='word_1_273' title='bbox 960 3785 1307 3862; x_wconf 84' lang='lat' dir='ltr'><strong>dominica3</strong></span> <span class='ocrx_word' id='word_1_274' title='bbox 1365 3787 1474 3870; x_wconf 89' lang='lat' dir='ltr'><strong>qui</strong></span> <span class='ocrx_word' id='word_1_275' title='bbox 1532 3789 1696 3850; x_wconf 89' lang='lat' dir='ltr'><strong>inter</strong></span> <span class='ocrx_word' id='word_1_276' title='bbox 1756 3784 2020 3868; x_wconf 85' lang='lat' dir='ltr'><strong>multos,</strong></span> <span class='ocrx_word' id='word_1_277' title='bbox 2087 3805 2246 3869; x_wconf 89' lang='lat' dir='ltr'><strong>quos</strong></span> <span class='ocrx_word' id='word_1_278' title='bbox 2293 3784 2534 3848; x_wconf 89' lang='lat' dir='ltr'><strong>ordina-</strong></span> 
     </span>
     <span class='ocr_line' id='line_1_41' title="bbox 414 3873 2536 3960; baseline 0 -24"><span class='ocrx_word' id='word_1_279' title='bbox 414 3876 513 3936; x_wconf 91' lang='lat' dir='ltr'><strong>uit</strong></span> <span class='ocrx_word' id='word_1_280' title='bbox 559 3875 900 3957; x_wconf 85' lang='lat' dir='ltr'><strong>antistites,</strong></span> <span class='ocrx_word' id='word_1_281' title='bbox 950 3876 1142 3938; x_wconf 89' lang='lat' dir='ltr'><strong>etiam</strong></span> <span class='ocrx_word' id='word_1_282' title='bbox 1192 3873 1578 3940; x_wconf 83' lang='lat' dir='ltr'><strong>Gebmundo</strong></span> <span class='ocrx_word' id='word_1_283' title='bbox 1621 3873 1964 3940; x_wconf 86' lang='lat' dir='ltr'><strong>Hrofensis</strong></span> <span class='ocrx_word' id='word_1_284' title='bbox 2013 3873 2320 3938; x_wconf 89' lang='lat' dir='ltr'><strong>ecclesiae</strong></span> <span class='ocrx_word' id='word_1_285' title='bbox 2367 3895 2536 3960; x_wconf 84' lang='lat' dir='ltr'><strong>prae·</strong></span> 
     </span>
    </p>
   </div>
  </div>
 </body>
</html>
