2723 4326
392 139 478 203 56
2220 138 2263 189 1.
2305 137 2530 193 32-33.

393 317 776 403 sequentur.'
856 315 992 381 Vos
1052 318 1299 402 itaque,
1364 317 1549 400 siqua
1613 335 1694 378 ex
1751 311 1851 378 his
1914 316 2172 380 euenire
2233 318 2303 380 in
2363 325 2537 380 terra

395 415 612 470 uestra
666 406 1081 490 cognoscitis,
1149 404 1322 469 nullo
1370 401 1563 468 modo
1611 411 1899 468 uestrum
1946 407 2232 469 animum
2278 414 2534 491 pertur-

394 495 588 578 betis;
659 496 813 581 quia
871 493 1113 559 idcirco
1173 494 1333 558 haec
1393 495 1583 576 signa
1628 491 1708 556 de
1754 490 1883 558 fine
1932 493 2170 558 saeculi
2230 497 2537 581 praemit·

392 593 632 667 tuntur,
679 593 752 649 ut
784 582 864 648 de
899 583 1236 648 animabus
1258 583 1494 647 nostris
1543 579 1894 646 debeamus
1938 604 2081 648 esse
2129 582 2412 665 solliciti,
2458 583 2537 647 de

392 675 619 738 mortis
673 672 834 738 hora
889 673 1171 760 suspecti
1227 681 1291 737 et
1345 679 1619 736 uenturo
1675 669 1872 735 iudici
1925 672 1994 735 in
2048 672 2231 737 bonis
2288 673 2540 738 actibus

392 763 795 828 inueniamur
865 784 1006 827 esse
1074 762 1465 848 praeparati.
1558 757 1747 825 Haec
1805 780 2007 844 nunc,
2088 762 2372 846 gloriose
2426 763 2538 845 fili,

393 854 615 939 paucis
672 852 922 916 locutus
989 872 1158 934 sum,
1223 859 1295 914 ut
1355 870 1503 913 cum
1558 847 1927 914 Christiana
1985 848 2143 914 fides
2201 852 2270 915 in
2329 873 2540 935 regno

391 952 610 1007 uestro
657 941 1046 1024 exercuerit,
1111 948 1331 1004 nostra
1378 960 1633 1026 quoque
1678 936 1851 1024 apud
1897 960 2013 1004 uos
2058 941 2298 1005 locutio
2344 942 2541 1006 latior

395 1040 725 1096 excrescat
773 1039 838 1095 et
882 1038 1064 1094 tanto
1111 1027 1255 1118 plus
1300 1029 1477 1114 loqui
1520 1028 1751 1112 libeat,
1801 1037 2041 1112 quanto
2088 1052 2158 1094 se
2204 1031 2269 1094 in
2316 1039 2537 1095 mente

391 1128 612 1185 nostra
686 1117 925 1204 gaudia
990 1116 1068 1183 de
1138 1120 1351 1204 gentis
1416 1127 1673 1181 uestrae
1747 1117 2037 1202 perfecta
2113 1120 2535 1183 conuersione

392 1209 841 1295 multiplicant.

574 1297 788 1362 P'arua
819 1305 1036 1361 autem
1083 1296 1314 1360 exenia
1359 1295 1708 1376 transmisi,
1758 1316 1923 1380 quae
1953 1295 2137 1360 uobis
2168 1319 2379 1381 parua
2410 1319 2540 1361 non

394 1394 604 1470 erunt,
653 1408 799 1450 cum
845 1408 885 1449 a
928 1386 1113 1451 uobis
1160 1407 1242 1450 ex
1287 1384 1465 1449 beati
1509 1384 1689 1448 Petri
1732 1386 2009 1470 apostoli
2054 1385 2296 1450 fuerint
2343 1386 2537 1451 bene-

394 1474 674 1540 dictione
719 1484 1036 1560 suscepta.
1101 1472 1529 1560 Omnipotens
1574 1474 1793 1558 itaque
1840 1472 1995 1538 deus
2041 1475 2106 1538 in
2153 1475 2339 1539 uobis
2388 1497 2538 1558 gra-

392 1566 551 1628 tiam
599 1586 812 1648 suam,
873 1585 1066 1649 quam
1113 1565 1355 1650 coepit,
1419 1559 1713 1648 perficiat
1758 1571 1953 1649 atque
2000 1565 2201 1630 uitam
2246 1575 2540 1629 uestram

396 1661 462 1718 et
507 1652 613 1716 hic
657 1675 772 1739 per
819 1652 1167 1717 multorum
1213 1675 1529 1718 annorum
1576 1653 1895 1717 curricula
1941 1653 2245 1718 extendat
2290 1662 2357 1717 et
2390 1664 2542 1740 post

391 1742 590 1827 longa
634 1751 928 1828 tempora
973 1744 1040 1806 in
1086 1742 1379 1806 caelestis
1424 1762 1541 1805 uos
1587 1743 1835 1826 patriae
1882 1743 2392 1828 congregatione
2440 1766 2540 1808 re-

395 1833 610 1918 cipiat.
702 1831 1100 1897 Incolumem
1158 1831 1603 1896 excellentiam
1657 1838 1945 1900 uestram
1994 1834 2209 1916 gratia
2254 1854 2545 1919 superna

396 1918 735 2004 custodiat,
785 1920 1042 1985 domine
1087 1918 1196 1984 fili.
1790 1971 1795 1976 .

569 2007 744 2074 Data
801 2007 905 2074 die
949 2009 1037 2074 X.
1087 2007 1532 2073 Kalendarum
1592 2005 1936 2092 Iuliarum,
2003 2011 2369 2096 imperante
2434 2010 2544 2076 do-

391 2098 566 2162 mino
629 2107 848 2163 nostro
918 2096 1232 2162 Mauricio
1302 2096 1570 2161 Tiberio
1639 2099 1926 2187 piissimo
1995 2098 2296 2186 Augusto
2367 2123 2545 2166 anno

393 2186 644 2252 decimo
712 2210 880 2252 nono
891 2236 910 2270 ,
987 2197 1134 2275 post
1205 2188 1606 2252 consulatum
1685 2186 1969 2253 eiusdem
2045 2212 2213 2254 anno
2284 2187 2545 2255 decimo

395 2284 642 2362 octauo,
689 2277 1037 2342 indictione
1083 2277 1356 2363 quarta.'

1410 2565 1515 2627 33.

395 2737 477 2793 Vt
511 2736 896 2805 Augustinus
949 2736 1275 2793 ecclesiam
1326 2737 1666 2793 saluatoris
1719 2736 2179 2793 Instaurauerit
2225 2738 2291 2793 et
2328 2753 2543 2795 mona-

494 2826 755 2882 sterium
791 2825 962 2883 beati
1001 2825 1180 2881 Petri
1219 2825 1492 2895 apostoli
1531 2825 1797 2894 fecerit3
1844 2826 1910 2881 et
1946 2827 2020 2882 ‹le
2056 2826 2261 2896 prImo
2300 2827 2443 2883 eius

1223 2915 1447 2971 abbate
1482 2914 1700 2970 Petro.

574 3077 666 3144 At
711 3077 1114 3162 Augustinus
1125 3129 1144 3163 ,
1212 3078 1327 3143 ubi
1372 3080 1439 3145 in
1484 3078 1671 3163 regia
1714 3078 1979 3142 ciuitate
2028 3074 2247 3143 sedem
2292 3080 2541 3164 episco-

395 3167 628 3255 palem,
678 3177 749 3231 ut
794 3168 1254 3252 praediximus,
1303 3169 1574 3255 accepit,
1623 3168 2032 3253 recuperauit
2075 3168 2146 3231 in
2190 3189 2298 3249 ea,
2351 3169 2540 3253 regio

397 3258 592 3322 fultus
617 3257 1053 3340 -adminicuIO,
1118 3257 1483 3340 ecclesiam,
1548 3278 1743 3341 quam
1785 3256 1945 3319 inibi
1992 3257 2255 3341 antiquo
2300 3254 2541 3321 Roma-

397 3367 625 3410 norum
669 3345 956 3411 fidelium
1003 3368 1201 3432 opere
1245 3345 1487 3411 factam
1534 3345 1733 3409 fuisse
1766 3343 2117 3428 didicerat,
2166 3354 2233 3408 et
2278 3367 2425 3410 eam
2472 3349 2541 3410 in

396 3436 654 3499 nomine
699 3437 904 3500 sancti
950 3437 1285 3501 saluatoris
1332 3434 1440 3499 dei
1484 3444 1551 3499 et
1596 3434 1834 3499 domini
1878 3436 2080 3498 nostri
2110 3432 2259 3497 Iesu
2291 3432 2540 3501 Christi

399 3526 696 3605 sacrauit,
745 3533 940 3611 atque
969 3523 1211 3590 ibidem
1257 3524 1379 3589 sibi
1424 3524 1888 3589 habitationem
1936 3525 2160 3587 statuit
2194 3532 2258 3587 et
2290 3526 2539 3589 cunetis

399 3613 870 3677 successoribus
945 3616 1096 3678 suis,
1207 3612 1395 3677 Fecit
1462 3621 1679 3679 autem
1749 3620 1814 3676 et
1876 3614 2339 3676 monasterium
2408 3635 2539 3678 non

397 3700 592 3784 longe
637 3701 718 3765 ab
765 3704 905 3788 ipsa
952 3703 1215 3767 ciuitate
1259 3700 1341 3765 ad
1390 3704 1723 3785 orientem,
1771 3704 1837 3766 in
1871 3723 2017 3786 quo,
2068 3702 2203 3765 eius
2252 3699 2534 3785 hortatu,

398 3788 777 3853 Aedilberct
823 3790 1162 3855 ecclesiam
1207 3790 1547 3855 beatorum
1580 3789 2014 3876 apostolorum
2043 3790 2231 3882 Petri.
2255 3799 2321 3855 et
2355 3792 2539 3856 Pauli
