2723 4326
185 178 255 228 V.
295 179 452 232 3-4,
2189 177 2313 239 231

187 353 446 440 quando
503 361 570 418 et
621 353 837 418 lumen
887 355 1074 418 lunae
1130 362 1196 417 et
1249 352 1517 416 rheuma
1571 351 1817 418 Oceani
1870 355 1937 416 in
1992 364 2316 420 cremento

183 451 308 508 est.
370 443 459 507 Et
490 440 642 528 quid
674 464 797 527 ego
827 465 1084 529 possum
1117 441 1387 528 puellae,
1421 443 1476 505 si
1505 443 1815 506 moritura
1846 452 1964 523 est,
2012 438 2312 506 facere?“

186 531 282 596 At
353 532 463 596 illa
538 533 880 596 instantius
954 532 1296 596 obsecrans
1370 553 1487 616 pro
1567 529 1724 614 filia,
1814 552 2006 616 quam
2080 553 2117 594 o
2166 530 2347 618 pido,

184 620 528 705 diligebat,
590 643 739 685 nam
798 629 861 685 61
924 620 1316 686 abbatissam
1376 641 1520 684 68111
1562 641 1680 706 pro
1726 641 1795 683 se
1841 619 2058 684 facere
2103 553 2313 707 dispo—

182 718 422 793 suerat,
469 707 733 774 tandem
782 708 1074 793 obtinuit,
1121 718 1194 772 ut
1240 706 1322 771 ad
1368 708 1779 793 languentem
1825 711 2113 773 intraret.
2208 707 2313 772 In-

184 800 384 864 trauit
417 821 573 883 ergo
604 821 708 863 me
740 821 959 862 secum
1005 797 1301 862 adsumto
1348 794 1431 860 ad
1476 799 1815 882 uirginem,
1866 820 2030 884 quae
2061 798 2314 862 iacebat

184 888 417 971 multo,
477 896 548 951 ut
595 885 756 969 dixi,
819 885 1038 952 dolore
1094 887 1466 970 constricta,
1532 896 1595 950 et
1640 884 1903 952 brachio
1949 888 2015 950 in
2063 896 2312 951 tantum

183 985 647 1062 grossescente,
695 984 767 1040 ut
797 975 956 1040 nihil
1001 998 1260 1062 prorsus
1306 977 1371 1039 in
1419 976 1633 1041 cubito
1678 974 1967 1040 flexionis
2014 975 2311 1040 haberet:

175 1077 253 1131 et
317 1064 580 1130 adstans
645 1063 806 1129 dixit
873 1068 1228 1130 orationem
1291 1086 1484 1150 super
1545 1065 1719 1129 illam
1782 1087 1859 1128 ac
1926 1062 2313 1129 benedicens

172 1177 483 1240 egressus
531 1163 646 1221 est.
741 1152 1032 1240 Cumque
1086 1164 1232 1241 post
1284 1153 1447 1224 haec
1501 1152 1659 1218 hora
1714 1162 2117 1239 competente
2164 1174 2308 1217 con·

179 1243 552 1309 sederemus
597 1242 678 1307 ad
724 1266 1039 1327 mensam,
1112 1242 1465 1308 adueniens
1520 1242 1784 1328 quidam
1844 1243 2148 1308 clamauit
2208 1265 2313 1307 me

181 1334 358 1398 foras
390 1342 454 1397 et
477 1334 595 1397 ait:
651 1331 980 1418 „Postulat
1000 1332 1437 1416 Quoenburg“
1486 1331 1636 1415 (hoc
1682 1333 1849 1396 enim
1898 1340 2036 1396 erat
2082 1353 2313 1395 nomen

179 1420 501 1510 uirginis),
531 1431 640 1507 „ut
659 1423 834 1486 ocius
864 1419 1244 1503 regrediaris
1269 1420 1351 1485 ad
1377 1417 1581 1486 eam.“
1633 1418 1821 1498 Quod
1840 1419 1994 1485 dum
2011 1419 2311 1503 facerem,

178 1511 398 1597 reperi
449 1511 623 1575 illam
677 1508 1045 1596 ingrediens
1099 1509 1282 1575 uultu
1335 1508 1704 1574 hilariorem
1751 1520 1816 1574 et
1864 1511 2038 1574 uelut
2090 1510 2314 1594 sospiti

178 1599 472 1664 similem.
568 1599 650 1662 Et
714 1597 861 1664 dum
926 1598 1290 1664 adsiderem
1336 1599 1459 1682 illi,
1527 1598 1718 1663 dixit:
1790 1596 1949 1684 „Vis
2017 1606 2311 1684 petamus

178 1689 404 1753 bibere
417 1684 491 1751 *ἔα
527 1686 617 1751 At
649 1709 800 1772 ego:
856 1684 1101 1774 „Volo“
1151 1689 1414 1773 inquam
1466 1695 1572 1773 „et
1603 1686 1877 1750 multum
1911 1681 2235 1769 delector,”
2259 1687 2313 1749 si

175 1773 420 1864 potes.“
517 1775 806 1862 Cumque
854 1776 1068 1841 oblato
1115 1777 1343 1862 poculo
1389 1774 1756 1840 biberemus
1808 1775 2026 1858 ambo,
2100 1775 2309 1860 coepit

176 1867 336 1930 mihi
395 1864 632 1948 dicere,
702 1867 852 1951 quia
908 1888 1030 1951 „ex
1091 1887 1216 1951 quo
1276 1865 1615 1951 episcopus
1675 1865 1962 1928 oratione
2021 1885 2139 1949 pro
2187 1885 2308 1946 me,

175 1966 243 2019 61
312 1954 758 2019 benedictione
821 1954 1140 2039 completa
1214 1975 1513 2038 egressus
1579 1961 1676 2017 est
1690 2003 1709 2036 ,
1789 1954 2009 2017 statim
2082 1952 2311 2017 melius

176 2043 420 2109 habere
466 2044 729 2129 incipi03
788 2044 908 2107 etsi
954 2039 1225 2108 necdum
1270 2043 1442 2106 uires
1487 2042 1789 2127 pristinas
1835 2041 2079 2128 recepi,
2129 2039 2311 2105 dolor

173 2143 400 2199 tamen
448 2133 654 2197 omnis
701 2141 765 2198 61
811 2132 892 2198 (16
937 2131 1230 2215 111801110,
1290 2131 1401 2196 ubi
1450 2128 1777 2196 ardentior
1822 2132 2057 2214 inerat,
2120 2138 2185 2194 et
2232 2128 2313 2194 de

177 2232 316 2287 toto
362 2244 504 2287 meo
554 2244 849 2309 corpore,
909 2221 1086 2286 uelut
1129 2222 1268 2308 ipso
1317 2223 1617 2308 episcopo
1664 2220 1835 2284 foras
1885 2243 2031 2285 eum
2080 2240 2309 2306 expor-

176 2322 360 2378 tante
377 2362 396 2395 ,
443 2309 728 2379 funditus
775 2310 1026 2375 ablatus
1075 2320 1201 2394 est,
1249 2311 1507 2374 tametsi
1554 2318 1766 2373 tumor
1810 2307 2019 2374 adhuc
2063 2307 2313 2372 brachii

176 2422 442 2465 manere
502 2396 891 2465 uideretur.“
983 2398 1393 2464 Abeuntibus
1437 2406 1656 2463 autem
1694 2399 1879 2463 nobis
1924 2396 2097 2480 inde,
2161 2418 2310 2460 con-

177 2491 360 2554 tinuo
407 2488 702 2574 fugatum
748 2487 1031 2552 dolorem
1075 2488 1511 2554 membrorum
1544 2486 1699 2571 fuga
1745 2510 1999 2574 quoque
2043 2486 2311 2550 tumoris

175 2576 484 2642 horrendi
542 2586 764 2642 secuta
823 2587 946 2660 est3
1010 2586 1075 2642 et
1123 2586 1348 2663 erepta
1394 2578 1586 2640 morti
1630 2598 1707 2640 ac
1754 2576 2078 2641 doloribus
2123 2575 2312 2659 uirgo

174 2666 402 2732 laudes
449 2664 705 2731 domino
753 2666 1056 2730 saluatori
1101 2688 1230 2729 una
1275 2688 1421 2730 cum
1469 2667 1729 2747 ceteris,
1792 2667 1901 2750 qui
1955 2664 2046 2728 ibi
2107 2673 2309 2747 erant,

173 2757 379 2821 seruis
425 2755 592 2819 illius
637 2754 1000 2820 referebat.'

1217 2984 1280 3048 4.

233 3141 326 3201 vt
361 3144 682 3211 coniugem
720 3140 967 3198 comitis
1006 3142 1312 3197 infirmam
1349 3156 1509 3210 aqua
1545 3140 1871 3197 benedicta
1908 3139 2255 3197 curauerIt.
2326 3156 2331 3164 ·

355 3284 554 3352 Aliud
584 3307 836 3372 quoque
883 3306 1013 3350 non
1057 3286 1330 3349 multum
1377 3284 1525 3349 huic
1573 3283 1881 3349 dissimile
1927 3283 2309 3348 miraculum

173 3374 258 3441 de
304 3375 596 3464 praefato
643 3375 929 3439 antistite
988 3376 1274 3439 narrauit
1317 3372 1491 3439 idem
1535 3374 1737 3438 abbas
1801 3372 2047 3439 dicens:
2117 3370 2310 3435 ‘Villa

177 3475 322 3531 6181
368 3465 618 3529 comitis
665 3460 1023 3545 cuiusdam,
1073 3464 1183 3548 qui
1227 3463 1579 3527 uocabatur
1624 3461 1824 3546 Puch,
1872 3484 1997 3527 non
2041 3462 2239 3545 longe
2270 3483 2309 3524 a

179 3555 570 3619 monasterio
616 3560 868 3635 nostro,
915 3550 981 3615 id
1028 3561 1126 3615 est
1171 3550 1367 3617 duum
1413 3551 1615 3616 ferme
1661 3550 1907 3616 milium
1954 3551 2162 3637 spatio
2210 3572 2306 3613 se-

179 3653 436 3729 parata:
503 3642 681 3707 cuius
737 3642 972 3706 coniux
1015 3638 1143 3704 XL
1189 3640 1391 3704 ferme
1439 3639 1664 3706 diebus
1712 3648 1849 3704 6181
1894 3640 2308 3704 acerbissimo

177 3732 493 3818 languore
540 3730 819 3812 detenta,
867 3730 959 3793 ita
1006 3738 1076 3793 ut
1122 3728 1325 3794 tribus
1374 3729 1748 3815 septimanis
1793 3750 1919 3792 non
1964 3736 2182 3815 posset
2229 3725 2309 3792 de

179 3820 496 3903 cubiculo,
545 3821 610 3884 in
658 3841 782 3905 quo
830 3817 1099 3901 iacebat,
1147 3817 1319 3883 foras
1368 3816 1601 3883 efferri.
1666 3816 1952 3902 Contigit
1983 3826 2197 3883 autem
2231 3839 2306 3881 eo
