2723 4326
418 183 545 250 262
2369 182 2435 233 V.
2483 182 2572 235 19.
2645 189 2647 259 5

414 359 885 444 peruenissent,
935 358 1171 425 Vilfrid
1218 381 1258 423 a
1301 357 1560 423 Dalfino
1621 360 1900 422 ciuitatis
1959 359 2258 445 episcopo
2315 358 2408 421 ibi
2458 381 2570 422 re-

415 456 629 511 tentus
662 455 777 531 est,
825 445 1212 513 Benedictus
1260 455 1557 535 coeptum
1603 448 1726 511 iter
1756 449 2009 511 nauiter
2038 447 2318 511 Romam
2353 469 2571 532 usque

416 535 781 623 compleuit.
874 536 1337 602 Delectabatur
1385 539 1557 601 enim
1602 538 1870 601 antistes
1932 535 2275 622 prudentia
2323 538 2569 600 uerbo·

414 648 555 690 rum
603 625 881 709 iuuenis,
927 627 1143 711 gratia
1188 627 1441 691 uenusti
1486 624 1728 710 uultus,
1785 626 2121 690 alacritate
2167 625 2449 689 actionis
2503 634 2571 688 et

416 716 772 779 constantia
800 736 878 779 ac
909 718 1279 780 maturitate
1311 716 1751 799 cogitationis:
1800 713 1970 780 unde
2004 723 2069 779 et
2101 716 2336 797 omnia,
2389 736 2570 799 quae

415 826 679 867 necesse
723 802 1023 886 habebat,
1082 801 1484 869 abundanter
1530 805 1653 889 ipsi
1700 826 1848 868 cum
1893 805 2082 868 sociis
2131 804 2279 887 suis,
2334 825 2570 888 quam-

416 891 526 956 diu
588 914 807 957 secum
868 902 1072 976 erant,
1138 893 1446 959 donabat:
1520 902 1584 956 et
1613 894 1875 978 insuper
1936 890 2270 973 offerebat,
2337 902 2440 975 ut,
2513 894 2568 955 si

414 980 638 1065 uellet,
717 990 967 1067 partem
1032 980 1391 1047 Galliarum
1454 1003 1583 1045 non
1646 983 1975 1046 minimam
2038 981 2133 1045 illi
2195 980 2568 1065 regendam

416 1071 849 1134 committeret
895 1093 969 1135 ac
1014 1070 1211 1136 filiam
1259 1071 1478 1135 fratris
1532 1072 1630 1134 sui
1685 1071 2003 1155 uirginem
2060 1070 2152 1133 illi
2208 1071 2568 1153 coniugem

417 1159 601 1223 daret
646 1182 919 1245 eumque
962 1161 1103 1245 ipse
1146 1161 1287 1225 loco
1334 1160 1622 1246 adoptiui
1665 1181 1918 1245 semper
1962 1159 2251 1224 haberet.
2316 1158 2414 1222 At
2448 1159 2563 1224 ille

415 1250 657 1332 gratias
704 1270 904 1333 agens
950 1252 1203 1334 pietati,
1264 1271 1458 1335 quam
1505 1270 1664 1333 erga
1709 1271 1883 1329 eum,
1950 1270 2095 1312 cum
2143 1256 2316 1312 esset
2365 1270 2562 1333 pere-

413 1339 654 1421 grinus,
702 1336 943 1401 habere
988 1336 1378 1421 dignaretur,
1428 1335 1757 1423 respondit
1803 1338 2203 1423 propositum
2234 1359 2303 1401 se
2338 1339 2561 1420 magis

413 1426 680 1489 alterius
736 1428 1239 1491 conuersationis
1292 1426 1532 1491 habere
1586 1436 1781 1513 atque
1810 1426 1973 1509 ideo,
2031 1427 2244 1512 patria
2295 1425 2557 1507 relicta,

414 1513 688 1577 Romam
733 1515 855 1578 iter
900 1536 1099 1599 agere
1144 1517 1451 1602 coepisse.

590 1601 838 1681 Quibus
884 1604 1119 1669 auditis
1166 1606 1429 1669 antistes
1474 1604 1651 1668 misit
1690 1626 1834 1668 eum
1868 1603 2158 1686 Romam,
2207 1601 2360 1667 dato
2387 1601 2556 1667 duce

414 1693 662 1756 itineris
694 1701 759 1757 et
790 1694 1033 1757 cunctis
1065 1694 1272 1777 simul,
1322 1716 1489 1779 quae
1529 1694 1876 1757 necessitas
1923 1691 2228 1779 poscebat
2273 1692 2554 1774 itineris„

412 1781 677 1865 largiter
724 1782 1245 1867 subministratis3
1294 1783 1635 1847 obsecrans
1660 1780 1899 1865 sedule,
1949 1790 2036 1865 ut,
2087 1803 2233 1846 cum
2264 1783 2551 1867 patriam

412 1879 865 1953 reuerteretur,
913 1894 1029 1958 per
1062 1894 1130 1937 se
1160 1874 1286 1936 iter
1332 1871 1547 1936 facere
1592 1872 2006 1935 meminisset.
2070 1867 2356 1935 Veniens
2388 1891 2551 1935 uero

412 1958 713 2044 Romam,
778 1970 841 2024 et
889 1961 1279 2025 orationibus
1327 1983 1405 2025 ac
1450 1959 1852 2024 meditationi
1895 1981 2111 2024 rerum
2159 1959 2550 2023 ecclesiasti-

415 2069 662 2131 carum,
724 2057 795 2112 ut
852 2051 1065 2114 animo
1122 2058 1574 2136 proposuerat,
1635 2047 1954 2113 cotidiana
2001 2048 2407 2134 mancipatus
2457 2051 2550 2112 in-

416 2139 677 2221 stantia,
724 2140 1019 2224 peruenit
1063 2137 1144 2203 ad
1190 2139 1539 2204 amicitiam
1583 2138 1708 2201 uiri
1755 2136 2106 2202 doctissimi
2152 2159 2227 2201 ac
2274 2139 2548 2202 sanctis-

415 2228 577 2310 simi,
610 2226 920 2292 Bonifatii
950 2228 1247 2293 uidelicet
1279 2227 1729 2311 archidiaconi,
1780 2228 1891 2312 qui
1921 2228 2114 2291 etiam
2146 2226 2552 2291 consiliarius

415 2326 553 2380 erat
598 2318 932 2403 apostolici
977 2339 1212 2404 papae3
1270 2319 1449 2381 cuius
1495 2318 1872 2401 magisterio
1919 2325 2222 2402 quattuor
2267 2337 2551 2400 euange-

412 2404 641 2469 liorum
689 2405 883 2470 libros
931 2427 1011 2469 ex
1059 2406 1281 2471 ordine
1329 2403 1570 2486 didicit,
1621 2413 1995 2490 computum
2028 2404 2307 2490 paschae
2355 2406 2552 2469 ratio-

411 2493 692 2559 nabilem
742 2503 807 2558 et
853 2493 980 2559 alia
1022 2494 1251 2579 multa,
1302 2517 1468 2580 quae
1515 2496 1583 2559 in
1627 2495 1838 2580 patria
1881 2495 2291 2579 nequiuerat,
2342 2493 2549 2558 eccle-

413 2583 685 2648 siasticis
734 2581 1081 2670 disciplinis
1128 2580 1571 2668 accommoda,
1620 2580 1847 2647 eodem
1891 2583 2204 2667 magistro
2249 2582 2552 2647 tradente

414 2674 730 2758 percepit3
803 2681 868 2736 et
927 2695 1075 2736 cum
1134 2695 1386 2738 menses
1448 2673 1691 2757 aliquot
1748 2671 1839 2736 ibi
1901 2670 2129 2736 studiis
2199 2681 2552 2758 occupatus

414 2760 704 2825 felicibus
750 2763 1094 2846 exegisset,
1142 2761 1332 2827 rediit
1377 2760 1460 2825 ad
1490 2760 1820 2826 Dalfinum
1849 2761 1916 2824 in
1948 2758 2253 2842 Galliam,
2302 2771 2369 2824 et
2414 2770 2550 2826 tres

416 2870 616 2912 annos
675 2848 845 2935 apud
907 2873 1053 2915 eum
1112 2859 1544 2916 commoratus
1606 2858 1894 2914 attonsus
1959 2857 2058 2913 est
2115 2849 2198 2913 ab
2247 2871 2324 2914 eo
2373 2859 2437 2914 et
2486 2852 2550 2914 in

416 2946 594 3002 tanto
640 2937 897 3004 habitus
944 2961 1189 3025 amore,
1253 2948 1326 3004 ut
1370 2937 1673 3005 heredem
1720 2939 1845 3003 sibi
1889 2937 2068 3002 illum
2113 2937 2329 3003 facere
2378 2941 2552 3022 cogi-

414 3035 636 3092 tasset.
727 3026 860 3094 Sed
904 3050 987 3092 ne
1032 3028 1153 3093 hoc
1208 3029 1348 3093 fieri
1407 3037 1649 3115 posset,
1710 3028 1976 3092 antistes
2038 3026 2281 3091 crudeli
2345 3039 2551 3092 morte

413 3124 793 3203 praereptus
841 3127 958 3201 est,
1009 3127 1072 3182 et
1104 3116 1341 3182 Vilfrid
1388 3116 1471 3182 ad
1517 3139 1670 3181 suae
1716 3118 1948 3202 potius,
1996 3115 2119 3180 hoc
2165 3125 2262 3180 est
2307 3115 2549 3200 Anglo-

412 3228 582 3281 rum,
645 3207 858 3290 gentis
922 3208 1363 3295 episcopatum
1423 3215 1808 3270 reseruatus.
1903 3204 2204 3290 Namque
2250 3204 2551 3271 Baldhild

412 3297 641 3379 regina
685 3297 898 3359 missis
953 3296 1263 3360 militibus
1324 3297 1694 3382 episcopum
1756 3295 1937 3358 iussit
1994 3292 2297 3377 interfici;
2361 3317 2548 3380 quem

414 3383 496 3447 ad
541 3384 752 3448 locum
800 3383 1076 3471 quidem,
1129 3407 1255 3471 quo
1303 3382 1712 3448 decollandus
1762 3393 1919 3467 erat,
1969 3393 2224 3447 secutus
2273 3393 2375 3446 est
2420 3383 2551 3447 Vil-

413 3470 542 3536 frid
573 3473 841 3538 clericus
873 3474 1040 3538 illius
1087 3472 1460 3538 desiderans
1493 3494 1640 3537 cum
1671 3494 1768 3556 ec,
1815 3474 2078 3536 tametsi
2106 3473 2245 3559 ipso
2278 3472 2552 3536 multum

415 3562 821 3646 prohibente,
870 3565 1115 3649 pariter
1164 3564 1565 3628 occumbere.
1632 3558 1765 3626 Sed
1796 3561 1964 3626 hunc
1995 3560 2107 3625 ubi
2138 3563 2554 3647 peregrinum

415 3659 608 3735 atque
642 3651 983 3716 oriundum
1016 3651 1095 3716 de
1124 3654 1386 3717 natione
1409 3650 1773 3735 Anglorum
1804 3672 2168 3735 cognouere
2200 3649 2550 3734 carnificeS,

413 3760 760 3888 pepeigzere
824 3740 915 3805 illi
997 3763 1206 3828 neque
1291 3763 1439 3806 eum
1503 3739 1824 3804 trucidare
1895 3762 2040 3803 cum
2107 3761 2221 3802 suo
2290 3740 2554 3806 uoluere

415 3827 594 3910 ponti
645 3850 735 3890 ce.
