2723 4326
104 313 109 317 .
174 243 253 297 v.
294 243 379 296 24.
805 288 817 299 .
2189 238 2323 307 289'

368 416 475 482 De
520 416 963 484 aedificatione
1000 418 1244 505 templi,
1294 417 1679 502 allegoricae
1711 419 2128 505 expositionis
2159 420 2326 485 sicut

167 518 253 574 et
301 516 533 591 cetera,
580 506 777 571 libros
824 504 914 573 II.

369 595 533 660 Item
578 596 646 660 in
692 594 945 679 Regum
993 594 1227 659 librum
1274 592 1484 658 XXX
1533 596 1998 681 quaestionum.

369 684 446 748 In
494 682 852 749 Prouerbia
898 682 1257 751 Salomonis
1300 683 1501 748 libros
1547 684 1672 748 III.

370 772 448 837 In
495 770 765 838 Cantica
810 773 1202 838 canticorum
1250 772 1449 837 libros
1494 772 1650 838 VII.

367 861 474 925 In‘
504 861 768 945 Isaiam,
841 860 1254 945 Danihelem·‚
1323 859 1468 926 XII
1530 862 1881 949 prophetas
1943 872 2008 927 et
2067 873 2324 949 partem

174 952 561 1017 Hieremiae
638 948 1075 1015 distinctiones
1150 951 1579 1037 capitulorum
1648 974 1730 1016 ex
1797 961 2074 1016 tractatu
2147 953 2323 1017 beati

178 1040 580 1126 Hieronymi
627 1049 983 1125 excerptas.

366 1128 446 1193 In
490 1128 727 1193 Ezram
775 1138 841 1193 et
886 1126 1225 1193 Neemiam
1276 1128 1473 1193 libros
1518 1127 1644 1193 III.

369 1217 441 1282 In
490 1215 831 1283 Canticum
876 1216 1218 1283 Habacum
1262 1217 1498 1283 librum
1547 1216 1598 1281 I.

368 1306 446 1371 In
492 1305 727 1371 librum
783 1307 957 1372 beati
1002 1308 1204 1393 patris
1254 1306 1503 1372 Tobiae
1559 1307 2026 1393 explanationis
2081 1308 2321 1393 allego-

176 1396 363 1461 ricae
410 1394 489 1459 de
536 1392 792 1460 Christo
840 1404 906 1460 et
951 1396 1223 1460 ecclesia
1264 1396 1503 1460 librum
1547 1394 1602 1459 I.

368 1484 529 1549 Item
562 1482 862 1571 Capitula
892 1486 1236 1551 lectionum
1278 1486 1341 1549 in
1375 1484 1842 1551 Pentateucum
1873 1484 2062 1567 Mosi,
2111 1484 2323 1569 Iosue,

169 1572 498 1639 Iudicum.
1268 1630 1273 1635 .

366 1662 444 1727 Iu
489 1661 686 1727 libros
731 1661 985 1747 Regum
1032 1672 1095 1725 et
1140 1661 1361 1727 Verba
1407 1661 1674 1727 dierum.

367 1750 446 1816 In
492 1751 728 1815 librum
775 1754 949 1816 beati
995 1753 1199 1837 patris
1244 1749 1382 1815 Iob.

367 1840 443 1905 In
493 1839 864 1922 Parabolas,
910 1840 1349 1905 Ecclesiasten
1398 1849 1463 1905 et
1509 1836 1777 1904 Cantica
1824 1842 2239 1906 canticorum.

368 1929 446 1993 In
492 1930 729 1994 Isaiam
776 1929 1191 2015 prophetam,
1252 1927 1492 1992 Ezram
1550 1951 1804 2015 quoque
1849 1939 1915 1994 et
1962 1929 2323 1996 Neemiam.

367 2017 445 2083 In
494 2019 903 2103 euangelium
950 2017 1156 2083 Marci
1201 2018 1398 2082 libros
1446 2016 1606 2083 1111.
2311 2046 2315 2049 ·

366 2107 439 2172 In
486 2107 893 2193 euangelium
940 2106 1160 2174 Lucae
1205 2107 1406 2172 libros
1454 2106 1560 2172 VI.

368 2195 763 2263 Omeliarum
814 2199 1134 2281 euangelii
1179 2197 1376 2261 libros
1425 2196 1512 2260 II.

366 2285 444 2350 In
490 2287 849 2372 apostolum
899 2307 1339 2372 quaecumque
1386 2288 1454 2350 in
1499 2286 1818 2372 opusculis
1867 2288 2070 2351 sancti
2094 2283 2318 2372 Augu-

179 2375 340 2440 stini
404 2377 696 2462 exposita
756 2377 1003 2458 inueni,
1067 2385 1299 2440 cuncta
1344 2397 1461 2462 per
1509 2373 1797 2439 ordinem
1856 2375 2320 2440 transscribere

179 2486 428 2530 curam.

368 2552 445 2618 In
492 2553 698 2619 Actus
745 2554 1178 2641 apostolorum
1227 2553 1424 2617 libros
1469 2551 1561 2620 II.

352 2640 443 2706 ·In
487 2643 816 2729 Epistulas
863 2642 998 2709 VII
1044 2641 1391 2708 catholicas
1437 2641 1634 2706 libros
1681 2643 1984 2727 singulos.

368 2731 447 2796 In
492 2730 932 2818 Apocalypsin
980 2732 1184 2797 sancti
1230 2729 1534 2796 Iohannis
1581 2730 1778 2795 libros
1823 2729 1948 2796 III.

368 2819 534 2885 Item
584 2819 883 2907 Capitula
927 2822 1274 2886 lectionum
1318 2821 1386 2886 in
1431 2829 1638 2885 totum
1685 2842 1920 2884 nouum
1978 2828 2322 2884 testamen-

179 2916 347 2992 tum,
394 2919 663 2996 excepto
709 2910 1062 2996 euangelio.

365 2997 530 3063 Item
577 2999 812 3063 librum
861 3000 1279 3087 epistularum
1310 2995 1392 3062 ad
1425 2997 1738 3064 diuersos:
1788 3018 2062 3083 quarum
2094 2996 2173 3061 de
2205 3019 2318 3062 sex

191 3086 512 3151 aetatibus
559 3088 797 3153 saeculi
841 3110 969 3152 una
1016 3098 1142 3173 est3
1192 3085 1271 3151 de
1315 3086 1752 3151 mansionibus
1798 3085 2073 3151 filiorum
2118 3084 2323 3151 Israel

188 3197 349 3258 una3
397 3197 525 3240 una
552 3176 635 3241 de
668 3197 765 3258 eo,
815 3175 985 3262 quod
1032 3178 1123 3242 ait
1167 3175 1370 3241 Isaias
1416 3176 1549 3259 (24,
1576 3175 1720 3262 22):
1775 3175 1901 3262 „Et
1945 3174 2326 3240 claudentur

187 3264 279 3328 ibi
335 3265 402 3329 in
460 3285 787 3331 carcerem
846 3276 909 3331 et
970 3277 1115 3353 post
1176 3265 1313 3331 dies
1379 3264 1616 3330 multos
1677 3265 2178 3346 uisitabuntur‘3
2243 3262 2324 3329 de

191 3354 437 3417 ratione
483 3353 753 3419 bissexti
798 3377 955 3438 una3
1004 3354 1087 3420 de
1118 3355 1520 3441 aequinoctio
1553 3355 1736 3418 iuxta
1765 3352 2140 3419 Anatolium
2171 3374 2318 3417 una.

364 3441 531 3507 Item
562 3441 643 3508 de
672 3443 955 3508 historiis
987 3452 1353 3509 sanctorum
1368 3469 1386 3508 ε·
1432 3444 1666 3509 librum
1700 3445 1874 3509 uitae
1906 3452 1972 3508 et
2001 3443 2319 3530 passionis

189 3533 395 3596 sancti
450 3531 684 3597 Felicis
754 3533 1136 3599 confessoris
1198 3533 1279 3598 de
1340 3535 1610 3598 metrico
1675 3531 1928 3597 Paulini
1995 3553 2190 3618 opere
2256 3533 2324 3596 iu

195 3642 450 3706 prosam
511 3622 839 3705 transtuli3
902 3621 1133 3686 librum
1197 3623 1374 3687 uitae
1421 3632 1485 3687 et
1530 3623 1842 3708 passionis
1898 3623 2104 3686 sancti
2149 3617 2324 3686 Ana·

194 3710 395 3794 stasii,
441 3711 610 3776 male
658 3709 736 3775 de
783 3708 1041 3776 Graeco
1088 3711 1469 3776 translatum
1516 3721 1582 3777 et
1627 3713 1811 3797 peius
1855 3733 1894 3774 a
1923 3708 2201 3796 quodam
2233 3712 2326 3775 in-

193 3800 399 3885 perito
432 3799 862 3884 emendatum,
911 3810 1101 3886 prout
1133 3802 1332 3885 potui,
1383 3799 1463 3864 ad
1497 3821 1752 3865 sensum
1785 3801 2070 3883 correxi3
2117 3800 2324 3863 uitam

198 3889 403 3952 sancti
460 3891 661 3975 patris
720 3888 1015 3954 monachi
1075 3889 1265 3954 simul
1326 3898 1390 3953 et
1448 3889 1752 3954 antistitis
1813 3886 2189 3970 Cudbercti‚
2259 3897 2326 3952 et

320 4011 502 4052 noeane
527 4012 635 4052 met.
662 4013 773 4054 0001.
1935 3995 2002 4051 19
