2723 4326
434 218 562 283 274
2366 225 2432 277 v.
2473 226 2564 278 21.

431 399 681 463 decima
710 397 901 483 primi
940 398 1177 460 mensis
1225 399 1488 482 oriente,
1536 398 1602 462 id
1634 407 1731 461 est
1761 421 1800 461 a
1830 419 2108 483 uespera
2139 399 2266 464 diei
2297 402 2563 486 quintae

431 488 717 552 decimae
774 485 1013 571 pascha
1071 486 1503 572 incipiendum
1562 485 1858 570 doceant3
1918 488 2222 552 nimirum
2285 501 2559 573 constat,

430 578 581 662 quia
624 584 919 662 quartam
966 572 1281 639 decimam
1329 575 1498 640 diem
1544 578 1782 640 mensis
1828 573 2142 661 eiusdem,
2211 600 2403 663 quam
2451 580 2562 643 lex

425 666 721 752 primitus
756 671 821 728 et
850 666 1199 751 praecipue
1230 665 1657 748 commendat,
1706 687 1748 729 a
1771 688 1886 729 sua
1930 687 2189 751 prorsus
2237 667 2560 732 sollemni-

428 765 562 819 tate
628 751 987 818 secludunt:
1050 754 1144 817 ita
1186 762 1258 817 ut
1303 756 1564 839 quintae
1611 753 1932 832 decimae,
1992 753 2057 817 in
2097 776 2226 839 qua
2281 757 2560 842 populus

426 844 529 908 dei
560 843 641 908 ab
672 841 1005 927 Aegyptia
1050 844 1360 907 seruitute
1404 843 1732 908 redemtus
1766 853 1863 907 est
1894 851 1960 906 et
1989 844 2056 906 in
2086 865 2215 930 qua
2258 845 2559 909 dominus

426 955 538 996 suo
597 929 903 995 mundum
964 933 1275 1015 sanguine
1334 954 1376 995 a
1419 940 1829 1018 peccatorum
1891 931 2173 996 tenebris
2230 932 2555 1017 liberauit,

422 1022 486 1084 in
536 1042 661 1106 qua
706 1021 902 1084 etiam
955 1020 1241 1105 sepultus
1299 1043 1482 1106 spem
1538 1021 1722 1085 nobis
1781 1030 1926 1106 post
1985 1031 2260 1087 mortem
2319 1022 2558 1089 beatae

424 1112 653 1196 quietis
698 1109 941 1192 tribuit,
990 1110 1102 1172 uix
1147 1132 1489 1195 uesperam
1535 1118 1827 1195 tangant.

600 1198 930 1283 ‘Idemque
988 1220 1262 1283 poenam
1320 1200 1554 1262 erroris
1610 1201 1708 1262 sui
1766 1199 1832 1261 in
1893 1206 2097 1262 semet
2153 1198 2324 1283 ipsos
2385 1204 2550 1267 reci-

421 1289 702 1373 pientes,
768 1309 911 1350 cum
973 1288 1038 1349 in
1098 1288 1410 1351 uicesima
1468 1287 1747 1352 secunda
1810 1284 1913 1351 die
1971 1288 2211 1351 mensis
2268 1288 2553 1373 paschae

421 1375 591 1441 diem
636 1383 926 1439 statuunt
970 1373 1387 1459 dominicum,
1445 1376 1771 1460 legitimos
1817 1378 2040 1462 utique
2085 1376 2390 1441 terminos
2436 1400 2550 1463 pa-

420 1464 613 1530 schae
658 1473 883 1552 aperta
927 1465 1440 1549 transgressione
1494 1466 1764 1548 uiolant,
1823 1473 2047 1550 utpote
2094 1468 2205 1549 qui
2250 1466 2329 1530 ab
2377 1466 2548 1531 illius

420 1554 545 1619 diei
574 1574 849 1639 uespera
884 1552 1129 1640 pascha
1172 1554 1504 1640 incipiunt,
1551 1556 1618 1619 in
1650 1576 1779 1639 qua
1808 1552 1930 1617 hoc
1961 1553 2069 1616 lex
2115 1559 2550 1621 consummari

418 1655 481 1708 et
510 1641 733 1731 perfici
765 1640 999 1706 debere
1046 1641 1355 1727 decreuit,
1404 1643 1580 1707 illam
1611 1644 1677 1707 in
1710 1642 1952 1728 pascha
1982 1642 2152 1707 diem
2199 1642 2546 1727 adsignent

418 1733 720 1820 primam,
789 1733 966 1796 cuius
1014 1732 1081 1794 in
1134 1730 1282 1817 lege
1342 1733 1583 1796 mentio
1643 1732 1818 1796 nulla
1871 1753 2143 1816 usquam
2202 1734 2542 1818 reperitur,

416 1821 481 1887 id
514 1830 613 1887 est
643 1829 909 1908 quartae
939 1822 1215 1906 primam
1247 1822 1663 1907 septimanae.
1734 1818 1862 1898 Qui
1890 1822 2146 1905 utrique
2176 1843 2305 1885 non
2335 1822 2545 1887 solum

416 1913 483 1975 in
513 1907 891 1974 diffinitione
922 1918 988 1973 et
1028 1919 1327 1996 computo
1371 1910 1610 1974 lunaris
1654 1911 1905 1993 aetatis,
1940 1909 2052 1974 sed
2094 1917 2160 1973 et
2199 1911 2264 1973 in
2300 1915 2542 1975 mensis

416 2000 609 2086 primi
630 2019 1109 2083 nonnumquam
1150 2001 1519 2064 inuentione
1555 1998 1878 2063 falluntur.
1973 1995 2154 2075 Quae
2194 1998 2541 2085 disputatio

416 2090 617 2153 maior
648 2097 760 2172 est,
810 2109 1001 2174 quam
1050 2087 1324 2174 epistula
1358 2086 1480 2152 hac
1529 2088 1629 2151 uel
1669 2086 1879 2151 valeat
1927 2086 2380 2173 comprehendi
2434 2090 2543 2154 vel

417 2177 663 2243 debeat.
718 2176 1002 2241 Tantum
1033 2177 1154 2242 hoc
1185 2176 1413 2262 dicam,
1448 2176 1618 2265 quod
1635 2200 1752 2263 per
1770 2179 2245 2262 aequinoctium
2275 2180 2540 2244 uernale

414 2288 669 2355 semper
684 2266 1113 2330 inerrabiliter
1136 2268 1340 2352 possit
1356 2268 1652 2348 inueniri,
1689 2267 1795 2352 qui
1829 2267 2066 2330 mensis
2082 2267 2260 2330 iuxta
2279 2289 2540 2353 compu-

408 2366 546 2421 tum
565 2357 751 2420 lunae
770 2357 1011 2440 primus
1022 2357 1190 2435 anni,
1213 2356 1472 2441 quiesse
1487 2355 1716 2420 debeat
1735 2355 2017 2420 ultimus.
2042 2355 2542 2440 Aequinoctium

408 2457 621 2509 autem
668 2446 847 2508 iuxta
902 2445 1282 2508 sententiam
1336 2447 1619 2509 omnium
1667 2443 2094 2510 Orientalium
2141 2453 2207 2508 et
2253 2447 2540 2510 maxime

408 2535 904 2620 Aegyptiorum,
952 2533 1062 2618 qui
1107 2555 1262 2618 prae
1308 2536 1539 2598 ceteris
1586 2532 1950 2599 doctoribus
1999 2531 2350 2597 calculandi
2396 2535 2539 2620 pal-

406 2644 579 2687 mam
632 2631 881 2706 tenent,
943 2620 1319 2687 duodecimo
1367 2621 1810 2688 Kalendarum
1854 2621 2175 2708 Aprilium
2229 2621 2333 2686 die
2385 2645 2536 2709 pro-

405 2713 627 2776 uenire
693 2712 1047 2794 consueuit,
1117 2719 1191 2775 ut
1253 2712 1448 2776 etiam
1515 2713 1640 2798 ipsi
1703 2710 2075 2796 horologica
2135 2713 2539 2797 inspectione

406 2801 773 2886 probamus.
867 2798 1326 2887 Quaecumque
1396 2822 1554 2885 ergo
1620 2801 1775 2865 luna
1842 2809 1990 2864 ante
2056 2801 2538 2884 aequinoctium

404 2889 593 2975 plena
624 2897 741 2972 est,
790 2897 1019 2973 quarta
1064 2889 1315 2953 decima
1358 2888 1656 2954 uidelicet
1700 2889 1804 2954 uel
1851 2891 2076 2974 quinta
2120 2886 2370 2953 decima
2401 2893 2537 2954 exi-

405 2987 608 3060 stens,
677 2976 836 3041 haec
905 2975 986 3041 ad
1044 2976 1491 3064 praecedentis
1554 2981 1706 3043 anni
1767 2979 2189 3042 nouissimum
2251 2979 2538 3063 pertinet

404 3088 716 3149 mensem,
794 3066 1063 3153 ideoque
1132 3065 1411 3152 paschae
1474 3066 1854 3132 celebrando
1924 3065 2156 3132 habilis
2218 3087 2349 3130 non
2412 3080 2532 3131 est.

403 3153 585 3232 Quae
647 3176 802 3219 uero
869 3165 1016 3241 post
1084 3157 1561 3243 aequinoctium
1623 3156 1731 3222 uel
1793 3157 1860 3218 in
1923 3157 2062 3242 ipso
2125 3157 2534 3240 aequinoctio

401 3267 585 3309 suum
650 3243 1064 3330 plenilunium
1125 3244 1349 3328 habet,
1410 3246 1478 3310 in
1522 3244 1645 3310 hac
1689 3244 1931 3330 absque
1988 3243 2120 3309 ulla
2176 3243 2532 3330 dubietate,

400 3336 553 3420 quia
596 3333 790 3420 primi
833 3335 1069 3397 mensis
1118 3344 1234 3418 est,
1282 3341 1347 3397 et
1392 3335 1685 3420 antiquos
1730 3332 1970 3419 pascha
2013 3333 2339 3397 celebrare
2385 3333 2536 3399 soli-

398 3432 518 3505 tOS,
569 3432 635 3486 et
674 3443 809 3500 nos,
856 3422 968 3486 ubi
1000 3420 1320 3486 dominica
1348 3419 1486 3487 dies
1518 3421 1872 3497 aduenerit,
1921 3417 2246 3487 celebrare
2293 3422 2535 3488 debere

396 3508 789 3576 noscendum
835 3519 952 3579 est.
1016 3509 1203 3589 Quod
1230 3513 1323 3575 ita
1353 3510 1494 3575 fieri
1525 3520 1822 3598 oportere
1863 3512 1972 3575 illa
2015 3512 2316 3575 nimirum
2359 3513 2533 3577 ratio

398 3601 600 3683 cogit,
660 3600 810 3685 quia
853 3602 920 3663 in
968 3597 1214 3664 Genesi
1259 3597 1349 3685 (1,
1402 3598 1515 3686 16)
1561 3601 1873 3687 scriptum
1921 3610 2046 3684 est,
2109 3599 2278 3686 quod
2330 3599 2534 3685 „fecit

399 3688 556 3752 deus
588 3686 712 3752 duo
755 3689 1095 3752 luminaria
1134 3711 1399 3772 magna3
1447 3690 1759 3754 luminare
1803 3691 2029 3773 maiuS,
2077 3703 2149 3753 ut
2192 3699 2533 3773 praeesset

399 3775 553 3858 diei3
601 3785 663 3840 et
708 3776 1019 3842 luminare
1064 3779 1274 3842 minus
1284 3829 1302 3861 ,
1364 3788 1438 3843 ut
1481 3788 1814 3865 praeesset
1858 3775 2103 3843 nocti“:
2164 3777 2295 3859 uel,
2359 3779 2533 3843 sicut

399 3862 524 3926 alia
554 3860 709 3928 dicit
739 3862 952 3949 editio,
1006 3865 1358 3951 „luminare
1406 3868 1610 3933 maius
1647 3869 1714 3933 in
1758 3868 2230 3933 inchoationem
2260 3864 2409 3948 diei,
2459 3876 2530 3931 et
