2723 4326
189 168 318 227 IIII.
361 168 443 223 19.
2049 234 2054 237 ,
2205 168 2329 232 197

191 346 373 431 regis
418 345 737 431 Ecgfridi,
784 347 1067 432 positum
1110 348 1177 411 in
1222 345 1383 430 1000,
1440 367 1629 433 quem
1678 342 1906 411 coludi
1951 346 2178 410 urbem
2223 366 2334 409 no·

192 439 472 519 minant,
532 444 800 522 accepto
845 436 1167 500 uelamine
1214 434 1718 500 sanctimonialis
1763 434 2020 499 habitus
2066 456 2107 497 a
2152 455 2334 519 prae-

190 524 330 590 fato
386 526 679 590 antistite
722 523 1019 589 vilfrido.
1112 526 1269 590 Post
1323 546 1564 591 annum
1616 546 1773 589 uero
1820 526 1963 610 ipsa
2017 522 2190 587 facta
2236 531 2336 587 est

192 614 526 680 abbatissa
568 615 637 677 in
682 615 965 699 regione,
1014 636 1180 701 quae
1226 623 1498 679 uocatur
1544 613 1738 697 Elge3
1808 614 1921 677 ubi
1968 620 2333 677 constructo

191 704 589 768 monasterio
648 704 976 787 uirginum
1036 702 1155 767 dee
1220 702 1597 767 deuotarum
1661 701 2061 789 perplurium
2129 709 2337 765 mater

190 794 415 877 uirgo,
464 801 529 856 et
575 793 888 878 exemplis
933 792 1105 856 uitae
1153 793 1446 858 caelestis
1495 814 1638 857 esse
1685 794 1896 878 coepit
1944 800 2008 855 et
2052 791 2341 855 monitis:

192 882 303 945 De
349 904 475 966 qua
519 881 762 964 ferunt,
825 882 1003 968 quia,
1068 904 1148 945 ex
1198 903 1321 968 quo
1370 882 1829 946 monasterium
1875 882 2095 969 petiit,
2155 900 2336 943 num-

195 992 392 1057 quam
445 970 661 1052 lineis,
734 968 849 1035 sed
904 970 1108 1034 solum
1165 970 1368 1035 laneis
1422 972 1825 1035 uestimentis
1880 972 1976 1034 uti
2030 968 2332 1033 uoluerit:

190 1081 471 1145 raroque
510 1060 578 1123 in
622 1057 843 1123 calidis
888 1058 1153 1143 balneis,
1201 1068 1460 1145 praeter
1506 1059 1962 1140 inminentibus
2012 1059 2336 1123 sollemnis

192 1148 575 1232 maioribus,
624 1149 809 1213 uerbi
833 1150 1047 1232 gratia
1091 1148 1400 1235 paschae,
1457 1157 1884 1235 pentecostes,
1934 1148 2334 1234 epiphaniae,

192 1238 403 1302 lauari
461 1238 763 1321 uoluerit3
826 1247 891 1301 et
954 1247 1107 1302 tunc
1167 1238 1519 1302 nouissima
1578 1240 1892 1321 omnium,
1952 1238 2100 1301 lotis
2159 1237 2336 1323 prius

194 1348 313 1391 suo
376 1348 764 1413 suarumque
824 1327 1263 1391 ministrarum
1324 1327 1630 1413 obsequio
1691 1328 1952 1411 ceteris,
2020 1348 2186 1411 quae
2245 1325 2339 1390 ibi

196 1424 442 1499 essent,
503 1415 760 1489 famulis
809 1412 1083 1499 Christi3
1145 1438 1295 1479 raro
1370 1425 1632 1502 praeter
1698 1416 1946 1481 maiora
2005 1415 2339 1479 sollemnia

194 1506 303 1570 uel
364 1505 669 1569 artiorem
738 1506 1188 1570 necessitatem
1260 1505 1404 1591 plus
1466 1528 1660 1591 quam
1725 1505 1925 1570 semel
1983 1526 2102 1591 per
2161 1502 2333 1568 diem

194 1593 709 1659 manducauerit:
760 1616 1034 1680 semper,
1084 1596 1298 1657 sinon
1343 1592 1683 1658 infirmitas
1731 1595 1994 1677 grauior
2037 1593 2337 1680 prohibu-

194 1685 380 1765 isset,
445 1706 529 1749 ex
573 1691 864 1768 tempore
921 1685 1277 1747 matutinae
1336 1704 1686 1770 synaxeos,
1746 1705 1950 1768 usque
1997 1680 2080 1746 ad
2125 1691 2338 1745 ortum

198 1771 347 1855 diei,
394 1774 463 1837 in
508 1772 781 1837 ecclesia
827 1772 1125 1858 precibus
1172 1773 1422 1836 intenta
1465 1773 1840 1858 perstiterit.
1906 1768 2072 1836 Sunt
2117 1772 2334 1848 etiam,

197 1864 310 1949 qui
356 1859 592 1945 dicant,
642 1863 793 1947 quia
837 1884 953 1947 per
997 1860 1379 1947 prophetiae
1425 1862 1720 1947 spiritum
1770 1870 1836 1925 et
1879 1860 2335 1946 pestilentiam,

197 1972 327 2037 qua
357 1952 497 2037 ipsa
530 1960 697 2015 esset
744 1952 1075 2033 moritura,
1123 1949 1538 2036 praedixerit,
1589 1959 1652 2014 et
1697 1971 2039 2015 numerum
2085 1971 2338 2036 quoque

198 2062 453 2123 eorum,
515 2041 626 2126 qui
672 2039 753 2103 de
801 2061 915 2103 suo
962 2040 1350 2103 monasterio
1395 2038 1519 2103 hac
1566 2048 1784 2103 essent
1831 2038 1910 2103 de
1954 2037 2194 2103 mundo
2239 2061 2338 2103 ra·

195 2127 447 2216 piendi,
518 2128 738 2216 palam
796 2130 1043 2193 cunctis
1102 2128 1550 2217 praesentibus
1618 2130 2032 2194 intimauerit.
2125 2128 2340 2215 Rapta

195 2228 299 2284 est
344 2226 562 2285 autem
610 2218 694 2284 ad
741 2216 1070 2283 dominum
1116 2221 1182 2282 in
1227 2216 1441 2283 medio
1481 2240 1741 2283 suorum
1771 2226 1918 2305 post
1949 2239 2148 2281 annos
2180 2216 2337 2300 VII,

196 2330 283 2373 ex
329 2328 456 2394 quo
501 2307 871 2373 abbatissae
916 2305 1191 2392 gradum
1238 2318 1636 2394 susceperat:
1686 2317 1752 2372 et
1797 2329 2033 2393 aeque,
2081 2315 2154 2370 ut
2198 2309 2342 2392 ipsa
2371 2316 2393 2344 Χ

195 2399 494 2480 iusserat,
541 2419 671 2461 non
716 2396 871 2461 alibi
919 2419 1112 2482 quam
1160 2399 1227 2460 in
1250 2396 1463 2462 medio
1511 2419 1753 2481 eorum,
1800 2398 1982 2462 iuxta
2029 2395 2338 2478 ordinem,

197 2509 327 2573 quo
375 2487 754 2564 transierat,
800 2486 1014 2570 ligneo
1060 2488 1128 2550 in
1173 2486 1400 2551 locello
1449 2487 1718 2571 sepulta.

381 2574 503 2641 Oui
562 2577 869 2640 successit
921 2577 989 2638 in
1046 2576 1475 2640 ministerium
1535 2576 1903 2641 abbatissae
1963 2596 2146 2638 soror
2205 2574 2339 2638 eius

196 2662 531 2749 Sexburg,
595 2686 787 2750 quam
846 2664 1163 2729 habuerat
1219 2665 1287 2729 in
1350 2665 1691 2750 coniugem
1735 2664 2178 2729 Earconberct
2222 2685 2340 2727 rex

196 2752 719 2819 Cantuariorum.
782 2751 871 2816 Et
918 2776 1064 2817 cum
1112 2753 1395 2819 sedecim
1439 2756 1620 2818 annis
1666 2763 1836 2820 esset
1883 2753 2154 2839 sepulta,
2202 2752 2337 2838 pla-

198 2845 337 2907 cuit
381 2843 589 2908 eidem
636 2841 1003 2908 abbatissae
1049 2843 1253 2907 leuari
1299 2865 1446 2907 ossa
1492 2845 1648 2927 eius,
1699 2843 1860 2908 etin
1902 2841 2126 2906 locello
2172 2863 2339 2906 nouo

196 2933 411 3020 posita
455 2933 523 2996 in
569 2931 904 2996 ecclesiam
965 2932 1331 3016 transferri3
1397 2934 1706 3019 iussitque
1767 2930 2082 3018 quosdam
2130 2952 2166 2994 e
2212 2931 2340 2994 fra-

195 3021 406 3085 tribus
462 3043 769 3107 quaerere
827 3020 1139 3107 lapidem,
1200 3021 1281 3086 de
1328 3043 1455 3108 quo
1499 3020 1798 3086 locellum
1841 3021 1910 3085 in
1954 3020 2077 3085 hoc
2122 3019 2340 3085 facere

196 3119 488 3198 possent:
539 3111 649 3196 qui
694 3132 964 3175 ascensa
1008 3112 1181 3192 naui,
1228 3111 1373 3196 ipsa
1417 3111 1586 3174 enim
1631 3111 1815 3196 regio
1847 3109 2014 3194 Elge
2056 3105 2340 3194 undique

198 3208 301 3264 est
342 3199 523 3286 aquis
559 3221 637 3263 ac
682 3198 1021 3285 paludibus
1069 3198 1470 3264 circumdata
1515 3221 1724 3284 neque
1769 3199 2016 3284 lapides
2062 3199 2339 3262 maiores

196 3287 416 3372 habet,
474 3297 794 3354 uenerunt
838 3286 921 3352 ad
967 3289 1367 3353 ciuitatulam
1413 3288 1735 3374 quandam
1781 3287 2156 3370 desolatam,
2210 3307 2340 3351 non

198 3379 427 3465 procul
472 3377 621 3442 inde
670 3378 890 3460 sitam,
957 3399 1123 3463 quae
1168 3377 1391 3461 lingua
1434 3377 1798 3461 Anglorum
1847 3373 2340 3441 Grantacaestir

197 3475 499 3532 uocatur:
549 3476 615 3530 et
645 3488 797 3531 mox
827 3468 1209 3531 inuenerunt
1237 3468 1420 3530 iuxta
1450 3489 1666 3530 muros
1715 3467 1996 3530 ciuitatis
2042 3463 2340 3530 locellum

199 3553 281 3621 de
327 3577 649 3620 marmore
694 3555 842 3620 albo
890 3555 1315 3641 pulcherrime
1377 3555 1650 3640 factum,
1721 3555 2021 3642 operculo
2087 3575 2342 3640 quoque

200 3645 427 3711 similis
493 3644 723 3731 lapidis
792 3646 1123 3730 aptissime
1190 3653 1455 3708 tectum.
1549 3641 1740 3709 Vnde
1803 3643 2254 3728 intellegentes
2300 3666 2343 3708 a

200 3732 462 3799 domino
510 3756 694 3798 suum
738 3735 863 3798 iter
909 3755 1047 3798 esse
1092 3741 1563 3821 prosperatum,
1613 3734 1856 3816 gratias
1902 3743 2170 3818 agentes
2213 3741 2340 3798 ret-

199 3824 487 3889 tulerunt
532 3822 616 3888 ad
660 3823 1143 3888 monasterium.
1293 3862 1297 3868 ·
1793 3843 1800 3848 ·
