2723 4326
423 237 552 298 226
2300 235 2423 285 1111.
2462 235 2560 289 32.

423 413 590 476 batis
639 413 776 476 iure
821 412 1120 497 praefuit.
1214 410 1375 474 Erat
1434 411 1500 473 in
1560 431 1634 473 eo
1697 411 1956 496 quidam
2004 409 2397 495 adulescenti,
2448 413 2551 476 cui

421 513 632 565 tumor
678 499 982 564 deformis
1029 500 1407 586 palpebram
1456 500 1622 564 oculi
1664 500 2031 564 fedauerat:
2082 501 2191 586 qui
2240 523 2388 564 cum
2431 523 2551 587 per

420 590 556 655 dies
603 610 894 653 crescens
941 589 1123 653 oculo
1171 590 1499 653 interitum
1544 590 1914 671 minaretur,
1966 587 2277 654 curabant
2315 589 2553 653 medici

420 679 588 743 hunc
652 677 962 765 adpositis
1009 679 1487 763 pigmentorum
1532 677 1833 742 fomentis
1880 678 2165 742 emollire
2210 699 2330 742 nec
2378 678 2551 743 uale-

418 768 595 834 bant.
689 765 968 844 Quidam
1013 765 1473 831 abscidendum
1520 788 1658 831 esse
1703 766 2054 850 docebant,
2100 767 2210 830 alii
2256 766 2377 831 hoc
2408 766 2551 832 fieri

418 865 598 921 metu
655 857 914 920 maioris
953 856 1243 941 ,periculi
1295 855 1622 919 uetabant.
1717 852 2009 940 Cumque
2070 864 2363 941 tempore
2420 877 2550 920 non

419 967 624 1033 pauco
679 944 878 1009 frater
937 944 1262 1030 praefatus
1321 944 1436 1008 tali
1490 943 1894 1009 incommodo
1949 943 2276 1009 laboraret
2335 967 2555 1030 neque

418 1035 733 1098 inminens
796 1033 978 1098 oculo
1038 1034 1306 1098 exitium
1365 1033 1647 1098 humana
1707 1055 1933 1098 manus
1997 1055 2223 1098 curare
2278 1033 2549 1115 ualeret,

421 1127 572 1210 quin
642 1145 760 1210 per
817 1122 954 1187 dies
1014 1131 1424 1206 augesceret,
1486 1123 1758 1207 contigit
1826 1145 1973 1187 eum
2034 1122 2239 1187 subito
2288 1122 2555 1188 diuinae

418 1213 679 1299 pietatis
740 1213 951 1295 gratia
1005 1234 1123 1297 per
1167 1212 1552 1275 sanctissimi
1596 1213 1798 1297 patris
1844 1210 2192 1276 Cudbercti
2238 1211 2549 1297 reliquias

419 1302 650 1366 sanari.
745 1299 918 1364 Nam
966 1298 1219 1385 quando
1265 1299 1500 1364 fratres
1546 1303 1643 1363 sui
1689 1322 1919 1386 corpus
1962 1300 2162 1385 ipsius
2208 1309 2355 1386 post
2387 1302 2549 1365 mul·

417 1401 518 1454 tos
582 1388 948 1475 sepulturae
1001 1410 1202 1454 annos
1264 1389 1704 1474 incorruptum
1768 1390 2197 1476 reperierunt,
2262 1389 2549 1453 tulerunt

416 1487 670 1565 partem
736 1475 816 1542 de
875 1475 1152 1564 capillis,
1223 1500 1414 1563 quam
1476 1500 1653 1542 more
1706 1478 2119 1564 reliquiarum
2162 1479 2547 1562 rogantibus

419 1567 643 1631 amicis
689 1564 844 1631 dare
887 1565 993 1630 uel
1038 1567 1375 1631 ostendere
1420 1568 1487 1630 in
1533 1569 1785 1652 signum
1836 1566 2126 1630 miraculi
2173 1576 2451 1652 possent.

594 1655 844 1720 Harum
893 1656 1273 1740 particulam
1333 1654 1748 1741 reliquiarum
1810 1677 1882 1719 eo
1930 1665 2218 1742 tempore
2262 1655 2549 1720 habebat

416 1767 610 1831 penes
659 1765 727 1808 se
773 1744 1033 1830 quidam
1097 1742 1176 1808 de
1238 1744 1633 1831 presbyteris
1683 1744 1968 1809 eiusdem
2015 1745 2387 1809 monasterii
2433 1766 2547 1808 no-

415 1835 588 1898 mine
656 1832 1054 1916 Thruidred,
1119 1835 1228 1919 qui
1283 1856 1453 1898 nunc
1515 1835 1715 1919 ipsius
1760 1834 2131 1898 monasterii
2176 1833 2375 1898 abbas
2424 1843 2546 1897 est.

415 1920 542 1999 Qui
589 1944 736 1986 cum
771 1921 884 1987 ,dic
932 1919 1208 2008 quadam
1254 1925 1579 2008 ingressus
1628 1923 1983 2006 ecclesiam,
2016 1924 2371 2008 aperuisset
2400 1921 2542 1985 the-

415 2032 557 2073 cam
626 2011 1077 2096 reliquiarum,
1152 2021 1224 2075 ut
1287 2012 1644 2097 portionem
1721 2033 1940 2075 earum
2009 2012 2266 2096 roganti
2334 2011 2549 2074 amico

411 2108 802 2187 praestaret,
863 2103 1133 2186 contigit
1179 2109 1243 2165 et
1296 2102 1503 2188 ipsum
1570 2100 2078 2183 adulescentem,
2148 2101 2251 2163 cui
2319 2099 2543 2165 oculus

412 2189 782 2275 languebat,
831 2192 895 2253 in
943 2190 1170 2254 eadem
1215 2192 1485 2254 ecclesia
1515 2199 1667 2255 tunc
1700 2188 1945 2255 adesse.
2040 2188 2332 2275 Cumque
2363 2211 2544 2277 pres-

411 2279 602 2365 byter
624 2282 1002 2365 portionem,
1052 2288 1356 2365 quantam
1390 2278 1613 2360 uoluit,
1647 2280 1852 2343 amico
1884 2278 2180 2362 dedisset,
2214 2278 2543 2343 residuum

412 2366 590 2433 dedit
635 2366 1060 2447 adulescenti,
1126 2376 1198 2432 ut
1243 2388 1356 2432 suo
1404 2370 1469 2432 in
1513 2369 1652 2432 loco
1698 2376 2059 2454 reponeret.
2153 2366 2245 2432 At
2289 2368 2397 2431 ille
2445 2389 2547 2431 sa-

409 2457 580 2522 lubri
626 2459 929 2521 instinctu
974 2454 1367 2539 admonituS,
1434 2478 1579 2521 cum
1626 2460 1980 2543 accepisset
2025 2456 2287 2543 capillos
2334 2458 2547 2520 sancti

412 2547 662 2632 capitis,
709 2543 1005 2631 adposuit
1050 2544 1399 2631 palpebrae
1441 2545 1773 2629 languenti
1821 2556 1888 2611 et
1932 2544 2301 2631 aliquandiu
2334 2555 2545 2609 tumo-

410 2658 550 2700 rem
612 2634 791 2700 illum
851 2634 1155 2698 infestum
1214 2634 1444 2699 horum
1506 2633 1905 2721 adpositione
1969 2637 2393 2721 comprimere
2460 2656 2545 2698 ac

412 2724 661 2788 mollire
709 2723 996 2789 curabat.
1090 2721 1234 2800 Quo
1280 2723 1451 2787 facto
1498 2724 1819 2810 reliquiaS,
1867 2732 1937 2786 ut
1979 2725 2187 2788 iussus
2220 2733 2376 2807 erat,
2426 2744 2546 2786 sua

411 2814 478 2875 in
523 2812 713 2876 theca
757 2809 1115 2876 recondidit
1135 2860 1152 2894 ‚
1219 2811 1487 2877 credens
1552 2835 1737 2876 suum
1803 2813 2056 2877 oculum
2124 2812 2369 2899 capillis
2414 2812 2543 2875 uiri

413 2898 536 2981 dei,
585 2900 814 2986 quibus
861 2902 1152 2965 adtactus
1199 2910 1366 2984 erat,
1434 2902 1607 2965 ocius
1658 2924 1798 2966 esse
1846 2900 2218 2967 sanandum.
2310 2898 2545 2985 Neque

411 3012 557 3052 eum
605 3011 721 3054 sua
764 2988 923 3055 fides
969 2989 1218 3054 fefellit.
1313 2990 1475 3053 Erat
1508 2991 1699 3073 enim,
1747 3000 1819 3054 ut
1850 2991 2094 3055 referre
2127 2999 2266 3055 erat
2298 2990 2545 3073 solitu8,

409 3088 564 3143 tunc
610 3077 768 3143 hora
814 3080 1068 3143 circiter
1113 3077 1393 3143 secunda
1440 3078 1583 3143 diei.
1680 3076 1809 3144 Sed
1856 3101 1997 3143 cum
2055 3080 2199 3163 alia,
2250 3098 2547 3163 quaeque

412 3167 549 3232 dies
609 3166 716 3231 illa
782 3167 1114 3253 exigebat,
1187 3169 1507 3252 cogitaret
1554 3177 1619 3232 et
1666 3168 1937 3250 faceret,
1986 3170 2337 3232 inminente
2384 3165 2545 3231 hora

409 3259 609 3343 ipsius
671 3254 799 3321 diei
859 3266 1075 3340 sexta,
1138 3265 1404 3343 repente
1452 3257 1831 3342 contingens
1879 3257 2132 3321 oculum
2177 3258 2267 3320 ita
2314 3278 2543 3320 sanum

409 3368 556 3409 cum
603 3345 911 3432 palpebra
957 3346 1236 3428 inuenit,
1293 3368 1371 3409 ac
1419 3345 1472 3407 si
1516 3344 1610 3410 nil
1654 3367 1961 3431 umquam
2006 3347 2070 3409 in
2118 3368 2193 3411 eo
2241 3342 2543 3410 deformi-

409 3436 563 3497 tatis
609 3456 686 3499 ac
732 3436 1000 3499 tumoris
1048 3435 1473 3521 apparuisset.
