2723 4326
385 206 515 267 250
2327 201 2394 255 V.
2437 200 2528 255 12.
2716 36 2723 393 ⁴

393 402 559 465 quae
606 387 669 443 et
716 379 928 466 qualia
975 387 1215 460 essent,
1264 400 1430 464 quae
1475 386 1704 442 exutus
1752 400 2018 465 corpore
2064 376 2338 444 uideret:
2403 400 2530 464 per

386 470 565 533 cuius
598 468 976 533 relationem
1009 467 1090 532 ad
1110 475 1396 532 nostram
1429 488 1683 553 quoque
1715 470 2113 551 agnitionem
2143 488 2523 555 peruenere,

388 580 551 643 quae
584 555 663 622 de
693 556 793 621 his
824 578 1028 644 pauca
1058 558 1568 642 perstrinximus
1633 554 1962 621 Narrabat
1992 566 2212 621 autem
2242 558 2524 620 uisiones

387 668 533 711 suas
581 647 777 710 etiam
821 648 963 732 regi
992 642 1289 710 Aldfrido
1336 646 1477 709 uiro
1522 643 1966 731 undecumque
2012 645 2403 727 doctissim03
2454 654 2523 709 et

386 744 522 800 tam
564 734 841 799 libenter
886 746 1149 821 tamque
1194 733 1475 799 studiose
1522 734 1604 799 ab
1651 732 1758 798 illo
1804 735 2058 799 auditus
2107 743 2225 818 est,
2273 743 2344 798 ut
2385 735 2524 798 eius

386 834 620 908 rogatu
667 825 1053 889 monasterio
1101 844 1295 909 supra
1339 831 1693 887 memorato
1741 823 1977 888 inditus
2021 846 2098 887 ac
2145 822 2526 888 monachica

389 914 473 977 sit
513 923 775 977 tonsura
820 921 1159 978 coronatus
1191 921 1388 998 atque
1418 912 1501 976 ad
1532 934 1679 976 eum
1711 911 2098 977 audiendum
2129 912 2524 1000 saepissime,

297 1060 303 1067 .
390 1024 535 1065 cum
581 1002 723 1066 illas
769 1002 836 1066 in
880 1010 1099 1088 partes
1147 999 1540 1085 deuenisset,
1606 999 1958 1065 accederet.
2053 998 2175 1065 Oui
2218 1000 2528 1066 uidelicet

388 1092 777 1157 monasterio
821 1100 1112 1177 tempore
1142 1089 1249 1154 illo
1281 1089 1623 1176 religiosae
1653 1112 1730 1153 ac
1760 1087 2088 1155 modestae
2119 1092 2290 1155 uitae
2321 1089 2528 1155 abbas

389 1188 455 1243 et
518 1178 859 1266 presbyter
917 1177 1218 1244 Ediluald
1281 1188 1605 1265 praeerat,
1688 1181 1797 1265 qui
1861 1200 2029 1243 nunc
2099 1180 2530 1265 episcopalem

390 1268 934 1335 Lindisfarnensis
982 1268 1287 1332 ecclesiae
1336 1266 1709 1333 cathedram
1756 1266 2090 1353 condignis
2139 1266 2344 1352 gradu
2369 1268 2528 1333 acti-

390 1358 511 1422 bus
558 1366 791 1421 seruat.

567 1444 843 1531 Accepit
875 1454 1090 1510 autem
1119 1446 1184 1507 in
1217 1443 1446 1509 eodem
1487 1447 1876 1509 monasterio
1921 1445 2131 1510 locum
2176 1447 2530 1510 mansionis

392 1536 823 1619 secretiorem,
872 1533 983 1600 ubi
1027 1533 1289 1598 liberius
1322 1534 1636 1599 continuis
1670 1536 1738 1598 in
1770 1534 2160 1601 orationibus
2190 1534 2530 1600 famulatui

391 1624 490 1687 sui
546 1623 891 1689 conditoris
944 1632 1223 1688 uacaret.
1316 1622 1406 1686 Et
1453 1624 1603 1708 quia
1647 1622 1823 1687 locus
1879 1624 2017 1711 ipse
2074 1645 2264 1711 super
2317 1625 2532 1710 ripam

390 1710 671 1777 fluminis
718 1722 857 1778 erat
902 1715 1082 1793 situs,
1130 1711 1379 1778 solebat
1423 1711 1593 1777 hunc
1625 1710 1851 1777 creber
1883 1712 1966 1776 ob
1997 1734 2305 1798 magnum
2337 1715 2528 1777 casti-

391 1800 587 1886 gandi
644 1804 928 1889 corporis
985 1801 1289 1867 affectum
1342 1800 1595 1884 ingredi
1648 1823 1725 1865 ac
1773 1801 2024 1887 saepius
2071 1804 2139 1865 in
2185 1824 2260 1867 eo
2307 1824 2531 1888 super·
2721 1816 2723 1909 1

395 1890 753 1955 meantibus
785 1890 971 1956 undis
1000 1892 1328 1975 immergi3
1363 1891 1582 1975 sicque
1606 1887 1843 1954 ibidem
1875 1889 2181 1976 quamdiu
2211 1891 2532 1955 sustinere
2721 1910 2723 1917 ·

396 2000 584 2064 posse
638 1980 1005 2064 uidebatur,
1071 1979 1333 2066 psalmis
1390 1979 1493 2043 uel
1537 1977 1835 2065 precibus
1880 1981 2176 2044 insistere
2231 1978 2529 2066 fixusque

396 2089 659 2133 manere
725 2070 1111 2135 ascendente
1158 2091 1327 2155 aqua
1372 2065 1651 2132 fluminis
1695 2090 1899 2154 usque
1945 2066 2026 2131 ad
2070 2068 2348 2153 lumbos,
2415 2068 2530 2132 ali-

398 2156 652 2242 quando
697 2181 897 2245 usque
944 2156 1027 2224 ad
1072 2158 1329 2242 collum3
1379 2166 1574 2243 atque
1605 2156 1754 2222 inde
1801 2156 2141 2242 egrediens
2171 2157 2255 2224 ad
2285 2166 2532 2224 terram

395 2268 723 2331 nunquam
790 2253 931 2334 ipsa
998 2250 1383 2312 uestimenta
1457 2244 1583 2310 uda
1651 2255 1845 2332 atque
1911 2246 2131 2332 algida
2206 2245 2531 2334 deponere

399 2336 685 2422 curabat,
734 2335 935 2402 donec
983 2359 1063 2402 ex
1102 2359 1215 2401 suo
1264 2357 1537 2421 corpore
1583 2335 1951 2401 calefierent
1998 2345 2064 2401 et
2111 2337 2528 2402 siccarentur.

398 2421 687 2512 Cumque
748 2435 1041 2512 tempore
1098 2424 1357 2490 hiemali
1419 2423 1844 2490 defluentibus
1903 2426 2072 2490 circa
2127 2447 2276 2489 eum
2339 2426 2530 2490 semi·
2716 2399 2723 2504 1

371 2511 749 2580 'fractarum
798 2517 1024 2579 crustis
1070 2514 1445 2600 glacierum,
1491 2536 1650 2600 quas
1699 2522 1762 2578 et
1808 2515 1948 2600 ipse
1993 2512 2332 2601 aliquando
2380 2536 2531 2578 con-

396 2604 695 2687 triuerat,
763 2626 889 2691 quo
946 2603 1219 2669 haberet
1262 2604 1478 2668 locum
1537 2601 1747 2668 standi
1807 2605 1944 2667 siue
1989 2601 2417 2688 immergendi
2461 2603 2534 2666 in

398 2689 612 2777 fluui0,
662 2693 966 2775 dicerent,
1014 2694 1121 2778 qui
1144 2691 1474 2757 uidebant:
1526 2689 1804 2776 ‘Mirum,
1853 2692 2055 2756 frater
2084 2690 2528 2776 Drycthelme’

400 2777 549 2863 (hoc
595 2783 765 2845 enim
813 2790 950 2846 erat
993 2783 1134 2846 uiro
1180 2781 1459 2865 nomen),
1510 2780 1703 2867 ‘quod
1748 2789 1995 2845 tantam
2041 2780 2302 2865 frigoris
2349 2801 2533 2866 aspe-

398 2870 661 2933 ritatem
705 2871 835 2935 ulla
880 2871 1125 2934 ratione
1170 2869 1444 2936 tolerare
1491 2869 1866 2955 praeuales.'
1928 2866 2386 2955 Respondebat
2424 2867 2534 2934 ille

401 2955 794 3043 simpliciter,
845 2968 982 3024 erat
1026 2981 1303 3044 namque
1348 2957 1538 3023 homo
1587 2958 1890 3044 simplicis
1932 2958 2175 3042 ingenii
2207 2980 2283 3022 ac
2317 2955 2534 3023 mode-

398 3054 581 3110 ratae
633 3056 929 3112 naturae:
989 3047 1380 3132 ‘Frigidiora
1436 3068 1558 3131 ego
1613 3046 1789 3114 uidi.’
1881 3045 1970 3110 Et
2017 3068 2161 3112 cum
2208 3045 2529 3112 dicerent:

401 3132 660 3199 ‘Mirum
672 3185 691 3220 ,
758 3137 930 3221 quod
974 3145 1110 3202 tam
1154 3147 1480 3201 austeram
1536 3144 1756 3200 tenere
1813 3137 2271 3201 continentiam
2327 3133 2532 3202 uelis.'

398 3222 879 3311 Respondebat:
950 3223 1350 3290 ‘Austeriora
1419 3246 1543 3309 ego
1605 3224 1785 3288 uidi.'
1877 3222 2115 3310 Sicque
2176 3245 2382 3311 usque
2450 3222 2536 3288 ad

399 3312 570 3377 diem
618 3335 769 3379 suae
815 3315 1169 3378 uocationis
1214 3312 1602 3398 infatigabili
1648 3313 2019 3378 caelestium
2063 3313 2378 3378 bonorum
2422 3310 2534 3377 de-

400 3399 634 3466 siderio
682 3424 911 3488 corpus
960 3400 1157 3467 senile
1188 3402 1360 3467 inter
1392 3402 1710 3467 cotidiana
1755 3402 1994 3468 ieiunia
2040 3399 2343 3468 domabat
2374 3403 2538 3466 mul-

400 3491 609 3576 tisque
657 3498 722 3556 et
766 3491 966 3556 uerbo
1014 3500 1079 3555 et
1125 3493 1610 3556 conuersatione
1656 3491 1843 3555 saluti
1890 3489 2027 3555 fuit.
