2723 4326
447 201 568 263 112
2399 197 2495 252 111.
2531 198 2580 251 6.

1481 376 1540 439 6.

674 515 764 570 De
802 513 1117 581 religione
1156 487 1505 583 acl'pletate
1543 514 1824 569 miranda
1862 512 2118 570 Osualdl
2154 513 2354 581 regis.

616 641 828 707 Huius
875 642 1075 726 igitur
1130 641 1435 705 antistitis
1497 638 1789 705 doctrina
1833 662 1952 703 rex
2000 639 2249 707 Osuald
2296 663 2443 705 cum
2490 663 2584 726 ea,
2691 688 2693 697 .

441 733 544 797 cui
600 740 927 817 praeerat,
992 740 1185 815 gente
1231 727 1596 813 Anglorum
1641 731 2000 812 institutus,
2062 752 2192 795 non
2239 730 2447 795 solum
2492 733 2586 796 in-

439 822 701 905 cognita
746 820 1270 906 progenitoribus
1318 820 1450 883 suis
1496 839 1702 903 regna
1747 818 2074 883 caelorum
2120 841 2383 905 sperare
2429 818 2589 883 didi-

441 911 555 993 cit3
607 906 717 974 sed
767 919 833 974 et
876 930 1081 991 regna
1128 918 1448 973 terrarum
1494 907 1636 995 plus
1685 930 1877 994 quam
1922 907 2036 971 ulli
2083 910 2402 974 maiorum
2443 931 2592 974 suo-

442 1021 607 1083 rum,
656 998 739 1063 ab
774 996 1001 1062 eodem
1049 1020 1175 1063 uno
1225 995 1505 1081 domino,
1553 998 1665 1083 qui
1710 997 1867 1061 fecit
1913 998 2162 1062 caelum
2209 1006 2276 1062 et
2321 1008 2589 1083 terram,

442 1096 821 1154 consecutus
882 1097 995 1152 est.
1089 1086 1390 1172 Denique
1462 1107 1684 1152 omnes
1746 1087 2040 1151 nationes
2098 1095 2166 1151 et
2224 1088 2592 1171 prouincias

442 1177 831 1260 Brittaniae,
896 1197 1060 1261 quae
1104 1176 1171 1239 in
1216 1171 1364 1241 1111
1407 1176 1688 1258 linguaS,
1753 1173 1818 1240 id
1867 1184 1964 1239 est
2009 1174 2427 1258 Brettonum,
2491 1175 2594 1240 Pi-

443 1275 727 1351 ctorum,
790 1262 1164 1330 Scottorum
1210 1274 1276 1330 et
1320 1262 1718 1349 Anglorum,
1775 1264 1985 1329 diuisa
2031 1273 2155 1349 est,
2216 1265 2286 1329 in
2339 1263 2594 1331 dicione
2695 1284 2697 1287 ⁴

444 1356 720 1441 accepit.

623 1441 769 1522 Quo
837 1443 1025 1526 regni
1091 1440 1367 1506 culmine
1431 1441 1839 1523 sublimatus,
1908 1441 2350 1526 nihilominus,
2419 1444 2594 1529 quod
2697 1504 2699 1525 Α

448 1532 681 1597 mirum
726 1532 903 1597 dictu
950 1539 1067 1615 est,
1122 1532 1514 1617 pauperibus
1561 1540 1627 1595 et
1671 1532 2032 1617 peregrinis
2079 1553 2334 1618 semper
2381 1531 2593 1597 humi-

444 1623 551 1706 lis,
606 1622 925 1706 benignus
972 1630 1040 1685 et
1083 1620 1303 1704 largus
1349 1620 1491 1684 fuit.
1583 1619 1886 1706 Denique
1930 1619 2166 1702 fertur,
2227 1623 2379 1707 quia
2425 1630 2592 1686 tem-

445 1733 605 1798 pore
642 1709 942 1796 quodam,
990 1732 1137 1774 cum
1184 1708 1289 1773 die
1336 1717 1560 1774 sancto
1606 1708 1888 1795 paschae
1933 1732 2082 1773 cum
2127 1709 2422 1795 praefato
2455 1713 2591 1797 epi-

446 1822 639 1886 scopo
688 1798 1078 1865 consedisset
1122 1796 1207 1864 ad
1252 1798 1627 1885 prandium,·
1661 1800 2036 1884 positusque
2070 1806 2240 1863 esset
2269 1800 2336 1861 in
2366 1821 2595 1865 mensa

447 1910 666 1954 coram
712 1910 787 1953 eo
835 1886 1049 1953 discus
1094 1897 1441 1972 argenteus
1499 1887 1828 1972 regalibus
1889 1886 2094 1972 epulis
2154 1888 2431 1953 refertus
2450 1936 2466 1967 ,
2531 1898 2596 1954 et
2699 1884 2701 1901 '

446 1979 835 2063 iamiamque
881 1987 1095 2043 essent
1128 1998 1354 2041 manus
1387 1974 1470 2041 ad
1500 1998 1734 2062 panem
1763 1974 2276 2043 benedicendum
2307 1979 2588 2062 missuri,

447 2069 720 2132 intrasse
766 2067 977 2131 subito
1024 2066 1391 2130 ministrum
1435 2067 1655 2151 ipsius,
1707 2068 1810 2130 cui
1855 2065 2410 2151 suscipiendorum
2455 2068 2593 2130 ino-

448 2180 603 2243 pum
650 2167 791 2222 erat
835 2179 989 2222 cura
1034 2154 1351 2240 delegata,
1401 2165 1467 2220 et
1496 2152 1812 2221 indicasse
1841 2156 2004 2240 regi,
2053 2156 2204 2242 quia
2241 2155 2588 2221 multitudo

442 2269 801 2333 pauperum
873 2245 1318 2329 undecumque
1385 2243 1730 2310 adueniens
1799 2246 2086 2310 maxima
2152 2268 2271 2332 per
2339 2246 2591 2332 plateas
2701 2309 2703 2326 ,

444 2335 726 2420 sederet,
782 2333 1115 2421 postulans
1170 2333 1414 2420 aliquid
1461 2333 1855 2421 elimosynae
1901 2356 1940 2399 a
1985 2355 2161 2418 rege.
2257 2331 2386 2412 Qui
2432 2356 2593 2399 mox

445 2423 643 2512 dapes
691 2425 949 2490 sibimet
992 2421 1319 2510 adpositas
1365 2423 1602 2488 deferri
1632 2422 2042 2509 pauperibus,
2090 2423 2208 2488 sed
2239 2433 2308 2488 et
2339 2422 2591 2489 discum

444 2515 783 2600 confringi,
831 2522 1027 2599 atque
1074 2511 1316 2578 eisdem
1365 2513 1732 2577 minutatim
1779 2510 1978 2576 diuidi
2024 2513 2372 2599 praecepit.
2440 2511 2590 2591 Quo

446 2605 581 2668 uiso
628 2603 936 2689 pontifex,
986 2603 1096 2688 qui
1142 2599 1502 2686 adsidebat,
1550 2601 1904 2666 delectatus
1950 2602 2064 2666 tali
2096 2601 2269 2666 facto
2302 2604 2586 2688 pietatis,

443 2690 869 2778 adprehendit
916 2689 1213 2756 dextram
1259 2692 1398 2756 eius
1445 2699 1510 2756 et
1554 2692 1674 2755 ait:
1741 2689 2111 2776 ‘Nunquam
2156 2693 2588 2758 inueterascat

446 2781 607 2845 haec
650 2781 917 2846 manus.’
980 2778 1169 2857 Quod
1216 2789 1279 2846 et
1323 2781 1416 2845 ita
1457 2781 1640 2844 iuxta
1683 2788 1904 2844 uotum
1949 2780 2415 2846 benedictionis
2447 2782 2587 2845 eius

445 2871 759 2956 prouenit.
819 2865 993 2934 Nam
1040 2892 1187 2933 cum
1230 2869 1571 2934 interfecto
1615 2868 1724 2934 illo
1772 2869 1837 2933 in
1882 2891 2122 2956 pugna,
2169 2890 2398 2934 manus
2436 2893 2586 2935 cum

448 2957 705 3023 brachio
751 2979 792 3022 a
848 2966 1065 3023 cetero
1135 2967 1348 3024 essent
1413 2980 1682 3045 corpore
1743 2967 2061 3042 resectae,
2132 2960 2439 3044 contigit,
2512 2969 2585 3024 ut

444 3047 753 3112 hactenus
799 3048 1209 3133 incorruptae
1254 3045 1622 3135 perdurent.
1707 3047 2007 3132 Denique
2053 3049 2120 3113 in
2165 3049 2326 3113 urbe
2372 3049 2581 3134 regia,

442 3159 607 3224 quae
652 3160 693 3202 a
736 3137 963 3222 regina
1024 3135 1346 3222 quondam
1407 3136 1716 3202 uocabulo
1775 3134 2004 3202 Bebba
2066 3138 2581 3223 cognominatur,

440 3225 647 3292 loculo
693 3226 977 3292 inclusae
1023 3234 1335 3311 argenteo
1366 3226 1435 3292 in
1465 3225 1736 3292 ecclesia
1777 3226 1985 3291 sancti
2014 3225 2195 3292 Petri
2240 3235 2586 3293 seruantur

436 3339 513 3381 ac
558 3315 757 3398 digno
805 3339 844 3379 a
890 3318 1137 3380 cunctis
1182 3315 1423 3381 honore
1469 3325 1880 3380 uenerantur.

613 3405 823 3470 Huius
869 3403 1185 3470 industria
1228 3405 1426 3489 regis,
1474 3405 1800 3470 Derorum
1846 3413 1911 3469 et
1954 3403 2402 3470 Berniciorum
2426 3427 2576 3492 pro-

436 3495 716 3576 uinciae,
766 3516 931 3581 quae
978 3503 1241 3560 eatenus
1288 3493 1372 3559 ab
1418 3495 1694 3559 inuicem
1741 3491 2218 3575 discordabant,
2266 3493 2336 3558 in
2379 3516 2580 3560 unam

436 3592 584 3648 sunt
651 3605 878 3670 pacem
939 3592 1006 3648 et
1062 3584 1241 3648 uelut
1298 3605 1497 3646 unum
1565 3584 2056 3669 compaginatae
2112 3585 2179 3646 in
2241 3583 2576 3670 populum.

434 3672 594 3737 Erat
640 3681 855 3737 autem
900 3694 1101 3760 nepos
1130 3671 1411 3736 Aeduini
1457 3673 1630 3757 regis
1663 3694 1744 3736 ex
1777 3693 1993 3737 sorore
2021 3669 2226 3750 Acha,
2273 3669 2574 3756 dignum-

434 3782 559 3846 que
606 3761 746 3842 fuit,
791 3770 868 3826 ut
911 3769 1128 3826 tantus
1175 3782 1554 3847 praecessor
1598 3760 1795 3826 talem
1838 3761 2107 3826 haberet
2149 3758 2230 3826 de
2264 3783 2382 3825 sua
2427 3786 2578 3829 con-

434 3851 867 3935 sanguinitate
914 3860 981 3916 et
1024 3851 1355 3935 religionis
1400 3849 1707 3916 heredem
1754 3860 1818 3914 et
1864 3851 2070 3935 regni.
