2723 4326
415 131 547 196 264
2395 128 2472 180 v,
2525 128 2617 181 19.

416 307 639 393 pleuit,
688 308 827 391 ipse
857 307 1103 391 primus
1126 304 1219 368 ibi
1251 326 1409 390 opus
1443 304 1887 387 euangelicum
1918 307 2149 390 coepit.
2243 305 2364 370 Ibi
2420 329 2612 391 ergo
2682 310 2683 331 ¹

421 395 699 460 hiemem
746 416 894 459 cum
938 416 1106 457 noua
1152 393 1256 459 dei
1302 393 1494 479 plebe
1537 393 1812 458 feliciter
1858 394 2122 478 exigens
2155 396 2252 459 sic
2283 393 2608 459 Romam
2682 442 2683 471 2

418 482 717 549 ueniendi
773 486 895 548 iter
947 483 1239 568 repetiit3
1319 491 1384 546 et
1446 482 1558 546 ubi
1613 505 1804 546 causa
1867 484 2002 546 eius
2064 483 2400 548 uentilata
2469 493 2602 565 est,

418 582 761 659 praesente
783 571 1131 656 Agathone
1176 594 1346 658 papa
1395 580 1460 635 et
1505 572 1794 657 pluribus
1840 570 2177 657 episcopis,
2226 574 2602 637 uniuerso-

418 686 565 727 rum
608 659 845 725 iudicio
892 661 1137 746 absque
1182 661 1452 725 crimine
1494 669 1831 725 accusatus
1861 660 2058 725 fuisse
2088 668 2154 725 et
2185 663 2601 748 episcopatu
2682 746 2683 749 Ἴ

420 774 560 816 esse
607 751 841 835 dignus
886 752 1186 814 inuentus
1233 757 1351 813 est.

599 838 744 917 Quo
790 841 857 903 in
900 848 1191 925 tempore
1236 838 1411 903 idem
1456 859 1629 924 papa
1671 834 1972 922 Agathe,
2045 860 2189 902 cum
2237 838 2596 924 synodum
2682 862 2683 925 3

420 936 847 1013 congregaret
891 928 1137 992 Romae
1203 924 1464 992 CXXV
1521 928 1999 1013 episcoporum,
2064 925 2391 991 aduersus
2445 950 2592 1011 eos,
2682 934 2683 969 ³

420 1020 530 1104 qui
575 1039 770 1081 unam
815 1019 881 1081 in
929 1015 1182 1081 domino
1248 1016 1569 1081 saluatore
1627 1016 2026 1080 uoluntatem
2089 1024 2284 1101 atque
2333 1039 2590 1103 opera-

418 1109 660 1171 tionem
718 1105 1279 1190 dogmatizabant,
1336 1105 1556 1168 uocari
1617 1104 1800 1167 iussit
1861 1114 1926 1169 et
1971 1103 2315 1170 vilfridum
2368 1117 2589 1192 atque
2682 1098 2683 1179 l

420 1196 589 1259 inter
636 1197 973 1282 episcopos
1020 1191 1457 1258 considentem
1513 1190 1727 1257 dicere
1782 1190 1975 1257 fidem
2022 1216 2205 1259 suam
2252 1194 2460 1259 simul
2516 1204 2589 1259 et

424 1286 819 1370 prouinciae.
842 1284 979 1347 siue
1024 1282 1287 1365 insulae,
1335 1279 1417 1347 de
1463 1302 1592 1367 qua
1636 1292 1938 1347 uenerat:
1989 1304 2264 1368 cumque
2297 1283 2584 1348 catholi-

423 1396 534 1438 cus
580 1370 708 1436 fide
756 1394 902 1436 cum
950 1372 1081 1435 suis
1128 1379 1298 1436 esset
1342 1372 1662 1451 inuentus,
1710 1368 1951 1457 placuit
1980 1370 2102 1435 hoc
2133 1375 2302 1436 inter
2341 1381 2580 1437 cetera

423 1459 707 1526 eiusdem
767 1460 993 1545 synodi
1039 1460 1239 1545 gestis
1284 1459 1481 1525 inseri
1528 1461 1965 1546 scriptumque
2012 1470 2108 1525 est
2155 1460 2277 1524 hoc
2322 1461 2572 1526 modo:

424 1548 757 1615 ‘Vilfridus
806 1549 927 1614 deo
974 1548 1271 1614 amabilis
1318 1549 1659 1636 episcopus
1689 1547 2028 1614 Eboracae
2075 1551 2356 1614 ciuitatis
2410 1573 2572 1637 apo-

422 1640 714 1704 stolicam
777 1638 996 1704 sedem
1060 1638 1141 1703 de
1187 1659 1303 1717 sua
1349 1660 1545 1702 causa
1590 1636 1922 1723 appellans
1969 1647 2034 1702 et
2081 1638 2164 1702 ab
2211 1638 2335 1703 hac
2381 1650 2572 1725 pote·
2682 1694 2683 1719 ἶ

422 1738 590 1794 state
637 1728 719 1794 de
764 1730 955 1793 certis
1019 1728 1407 1813 incertisque
1451 1728 1643 1791 rebus
1689 1726 2039 1809 absolutus,
2111 1736 2177 1792 et
2223 1750 2372 1792 cum
2423 1729 2570 1793 aliis
2682 1744 2683 1747 ’

424 1815 684 1882 CXXV
731 1818 1048 1904 episcopis
1092 1818 1160 1880 in
1208 1813 1454 1902 synodo
1501 1816 1567 1878 in
1611 1815 1832 1880 iudicii
1878 1814 2032 1881 sede
2076 1819 2468 1881 constitutus
2503 1827 2568 1881 et
2682 1832 2683 1835 ’

424 1927 543 1993 pro
594 1906 767 1970 omni
834 1903 1182 1992 aquilonali
1250 1915 1458 1990 parte,
1510 1902 1872 1969 Brittaniae
1943 1913 2008 1969 et
2061 1902 2423 1971 Hiberniae
2469 1907 2563 1970 in-

424 1994 607 2079 sulis,
660 2016 825 2079 quae
872 1995 953 2059 ab
999 1993 1363 2079 Anglorum
1411 2002 1477 2058 et
1523 1991 1908 2058 Brettonum
1954 2015 2075 2057 nec
2117 2016 2250 2060 non
2297 1992 2556 2061 Scotto-

372 2106 377 2110 ·
420 2106 564 2147 rum
598 2091 664 2147 et
695 2083 1029 2147 Pictorum
1060 2081 1360 2169 gentibus
1392 2081 1774 2166 incoluntur,
1808 2104 2032 2146 ueram
2065 2090 2130 2147 et
2169 2083 2558 2149 catholicam

420 2172 614 2237 fidem
662 2174 987 2238 confessus
1021 2182 1116 2237 est
1147 2181 1213 2237 et
1244 2194 1391 2236 cum
1422 2172 1892 2258 subscriptione
1923 2194 2039 2236 sua
2071 2174 2554 2238 corroborauit'.

599 2259 757 2327 Post
785 2261 947 2326 haec
976 2283 1273 2326 reuersus
1304 2259 1693 2325 Brittaniam
1724 2262 2124 2345 prouinciam
2148 2260 2548 2328 Australium
2681 2321 2683 2330 ,

423 2348 757 2416 Saxonum
802 2351 884 2414 ab
931 2349 1263 2415 idolatriae
1307 2349 1538 2413 ritibus
1584 2346 1668 2412 ad
1698 2348 1941 2414 Christi
1971 2347 2164 2414 fidem
2212 2354 2544 2416 conuertit.

425 2439 672 2504 Vectae
718 2460 974 2526 quoque
1018 2439 1262 2504 insulae
1306 2438 1495 2503 uerbi
1537 2438 1864 2502 ministros
1910 2439 2291 2504 destinauit:
2342 2450 2406 2505 et
2450 2463 2546 2505 se·

423 2528 633 2593 cundo
680 2550 846 2592 anno
878 2526 1178 2611 Aldfridi‚
1227 2529 1339 2613 qui
1384 2536 1530 2612 post
1549 2525 1933 2610 Ecgfridum
1962 2530 2285 2612 regnauit,
2336 2529 2545 2594 sedem

423 2639 606 2682 suam
667 2626 732 2682 et
793 2618 1230 2703 episcopatum
1297 2617 1440 2702 ipso
1498 2636 1657 2700 rege
1701 2617 2016 2681 inuitante
2060 2621 2327 2704 recepit.
2420 2617 2544 2684 Sed

423 2715 572 2793 post
619 2707 899 2792 quinque
944 2727 1144 2771 annos
1191 2706 1399 2774 denuo
1443 2713 1799 2788 accusatuS,
1849 2706 1932 2770 ab
1968 2703 2192 2770 eodem
2223 2709 2363 2794 ipso
2394 2729 2541 2792 rege

427 2805 493 2859 et
546 2793 839 2880 plurimis
895 2795 1209 2881 episcopis
1267 2793 1638 2880 praesulatu
1691 2793 1912 2879 pulsus
1967 2803 2094 2859 est:
2161 2799 2541 2882 ueniensque

424 2884 718 2965 Romam,
767 2906 914 2948 cum
957 2883 1403 2970 praesentibus
1449 2883 1930 2947 accusatoribus
1974 2884 2299 2970 acciperet
2343 2886 2538 2949 locum

426 2996 498 3038 se
542 2971 952 3056 defendendi,
1002 2972 1480 3037 considentibus
1527 2973 1842 3057 episcopis
1888 2971 2178 3058 pluribus
2229 2995 2375 3038 cum
2403 2996 2537 3061 apo-

426 3062 651 3126 stolico
696 3083 869 3148 papa
913 3060 1232 3146 Iohanne,
1304 3061 1591 3125 omnium
1635 3058 1870 3124 iudicio
1915 3062 2262 3146 probatum
2312 3073 2408 3128 est
2445 3085 2535 3128 ac-

428 3159 755 3216 cusatores
803 3153 939 3216 eius
984 3171 1113 3215 non
1157 3148 1333 3215 nulla
1376 3150 1445 3213 in
1488 3159 1675 3234 parte
1720 3149 1915 3213 falsas
1962 3159 2186 3215 contra
2233 3173 2381 3216 eum
2421 3175 2532 3216 ma-

426 3240 721 3305 chinasse
768 3241 1150 3305 calumnias:
1200 3241 1640 3324 scriptumque
1684 3260 1722 3301 a
1766 3238 2060 3324 praefato
2089 3261 2262 3326 papa
2293 3241 2531 3326 regibus

424 3328 787 3413 Anglorum
821 3327 1172 3394 Aedilredo
1220 3337 1286 3392 et
1324 3326 1643 3410 Aldfrid0,
1691 3335 1764 3390 ut
1810 3350 1954 3391 eum
2003 3328 2070 3392 in
2118 3331 2530 3416 episcopatum

427 3441 635 3502 suum,
686 3440 761 3482 eo
809 3416 979 3504 quod
1010 3419 1247 3482 iniuste
1278 3417 1473 3481 fuerit
1505 3413 1984 3497 condemnatus,
2019 3417 2309 3484 facerent
2337 3420 2526 3505 recipi.

605 3506 783 3570 quit
845 3517 1063 3572 autem
1120 3527 1382 3571 causam
1439 3504 1857 3570 absolutionis
1907 3507 2042 3570 eius
2088 3506 2280 3570 lectio
2331 3505 2528 3593 synodi

428 3595 659 3660 beatae
706 3598 1056 3661 memoriae
1101 3617 1309 3682 papae
1354 3593 1750 3679 AgathoniS,
1808 3615 1973 3680 quae
2037 3596 2360 3682 quondam
2413 3599 2526 3682 ipso

429 3694 771 3769 praesente
834 3687 901 3749 in
962 3685 1124 3750 urbe
1170 3693 1366 3770 atque
1412 3685 1477 3747 in
1522 3681 1748 3746 eodem
1796 3683 2062 3748 concilio
2108 3685 2278 3748 inter
2322 3688 2526 3772 episco-

430 3793 547 3857 pos
592 3771 938 3858 residente,
985 3782 1057 3837 ut
1102 3773 1562 3858 praediximuS,
1594 3779 1740 3835 acta
1771 3782 1888 3837 est.
1981 3770 2145 3837 Cum
2177 3795 2336 3856 ergo
2367 3795 2524 3838 causa
