2723 4326
150 231 340 282 Praef.
2254 232 2295 295 3

155 428 323 490 erga
367 405 564 470 fidem
595 405 838 471 Christi
871 428 1118 492 quaeue
1165 409 1481 471 successio
1530 407 1942 472 sacerdotalis
1985 407 2293 490 extiterit,

151 495 264 560 1161
297 497 528 559 litteris
573 496 1077 560 reuerentissimi
1121 497 1428 560 antistitis
1461 493 1836 581 Cynibercti
1875 496 1981 560 uel
2024 495 2294 559 aliorum

151 582 456 664 fidelium·
509 586 792 649 uirorum
855 587 1008 649 uiua
1073 607 1232 649 uoce
1279 583 1637 650 didicimus.
1731 583 1916 663 Quae
1962 594 2179 649 autem
2227 587 2293 649 in

151 671 853 759 Nordanhymbrorum
877 675 1228 761 prouincia,
1257 697 1337 737 ex
1364 696 1488 760 quo
1511 683 1804 760 tempore
1834 672 2027 739 fidem
2054 671 2295 738 Christi

156 771 614 850 perceperunt,
662 784 863 849 usque
909 763 992 828 ad
1037 784 1341 849 praesens
1388 784 1509 848 per
1552 763 1837 828 diuersas
1883 765 2182 849 regiones
2226 765 2294 828 in

157 851 439 916 ecclesia
497 853 623 916 sint
688 862 867 936 acta,
932 875 1060 917 non
1107 874 1233 916 uno
1282 852 1570 937 quolibet
1614 861 1910 935 auctore,
1960 851 2073 917 sed
2118 851 2294 918 fideli

153 945 643 1006 innumerorum
687 942 978 1026 testium,
1037 943 1149 1027 qui
1195 941 1357 1005 haec
1405 943 1568 1006 scire
1614 941 1720 1006 uel
1765 942 2134 1006 meminisse
2178 964 2291 1028 po-

150 1039 405 1114 terant,
472 1027 832 1095 adsertione
897 1032 1203 1116 cognoui,
1267 1032 1552 1116 exceptis
1618 1029 1747 1110 his,
1815 1053 1978 1117 quae
2024 1053 2144 1117 per
2188 1053 2293 1096 me

154 1123 373 1206 ipsum
437 1141 626 1184 nosse
686 1130 994 1206 poteram.
1041 1147 1047 1156 ·
1087 1119 1271 1184 Inter
1318 1143 1485 1206 quae
1529 1120 1910 1203 notandum,
1978 1119 2146 1205 quod
2194 1142 2289 1205 ea,

155 1231 326 1295 quae
375 1207 456 1273 de
505 1209 908 1273 sanctissimo
954 1218 1139 1293 patre
1193 1218 1258 1273 et
1315 1211 1605 1274 antistite
1654 1207 2020 1274 Cudbercto
2075 1209 2179 1273 uel
2225 1210 2291 1274 in

150 1298 281 1362 hoc
344 1297 670 1362 uolumine
731 1297 836 1362 uel
894 1298 961 1360 in
1018 1296 1235 1362 libello
1295 1308 1627 1383 gestorum
1672 1299 1872 1384 ipsius
1921 1300 2290 1385 conscripsi,

151 1389 398 1473 partim
461 1408 542 1450 ex
589 1388 681 1451 eis
697 1438 714 1472 ,
783 1409 950 1473 quae
1013 1385 1094 1450 de
1153 1386 1261 1450 illo
1322 1389 1501 1474 prius
1548 1410 1587 1452 a
1632 1387 1940 1452 fratribus
1986 1389 2291 1452 ecclesiae

149 1475 703 1540 Lindisfarnensis
752 1477 993 1562 scripta
1035 1477 1312 1561 repperi,
1359 1479 1633 1540 assumsi
1676 1477 2051 1562 simpliciter
2095 1475 2289 1542 fidem

155 1564 488 1649 historiae,
538 1587 730 1650 quam
775 1565 1090 1649 legebam,
1141 1565 1656 1651 accommodam,
1706 1567 1943 1651 partim
1989 1588 2144 1631 uero
2192 1589 2287 1651 63,

151 1677 323 1741 (11136
356 1656 714 1718 certissima
755 1653 1043 1719 fidelium
1088 1655 1371 1718 uirorum
1405 1653 1836 1720 adtestatione
1867 1677 1981 1740 per
2012 1677 2117 1719 me
2148 1657 2288 1741 ipse

151 1766 549 1828 cognoscere
594 1745 797 1830 potui,
845 1744 1136 1809 sollerter
1181 1741 1437 1808 adicere
1485 1745 1723 1813 curaui.
1817 1743 2289 1829 Lectoremque

148 1833 530 1920 suppliciter
560 1833 846 1915 obsecr0,
879 1842 970 1916 ut,
1007 1835 1190 1918 siqua
1219 1833 1288 1896 in
1317 1831 1436 1917 his,
1482 1854 1647 1919 quae
1678 1834 2067 1919 scripsimus,
2102 1833 2289 1898 aliter

152 1944 355 2009 quam
403 1945 472 1986 se
517 1923 760 1986 ueritas
805 1920 1030 2005 habet,
1080 1922 1291 2006 posita
1336 1922 1717 2008 reppererit,
1765 1943 1892 1985 non
1940 1921 2059 1985 hoc
2103 1922 2287 1986 nobis

149 2014 452 2097 imputet,
501 2013 627 2096 qui,
678 2011 847 2097 quod
892 2033 1049 2075 uera
1095 2011 1202 2075 lex
1247 2009 1553 2075 historiae
1603 2021 1719 2095 est,
1770 2011 2145 2097 simpliciter
2189 2034 2286 2096 ea,

154 2123 322 2188 quae
366 2099 542 2165 fama
570 2100 876 2184 uulgante
908 2100 1303 2185 collegimus,
1353 2100 1435 2165 ad
1480 2102 1970 2166 instructionem
2016 2103 2285 2187 posteri-

152 2193 308 2255 tatis
353 2190 584 2255 litteris
630 2188 938 2255 mandare
985 2189 1367 2255 studuimus.

335 2278 688 2344 Praeterea
735 2302 972 2361 omnes,
1023 2278 1105 2343 ad
1152 2302 1309 2365 quos
1353 2279 1515 2345 haec
1563 2279 1789 2343 eadem
1835 2277 2103 2343 historia
2148 2301 2286 2365 per-

153 2370 377 2432 uenire
441 2369 680 2454 poterit
741 2379 1001 2433 nostrae
1062 2370 1338 2432 nationis
1395 2371 1683 2453 legentes
1750 2369 1885 2433 siue
1932 2365 2286 2452 audienteS,

156 2458 534 2544 suppliciter
579 2480 829 2543 precor,
878 2467 951 2521 ut
994 2480 1111 2543 pro
1156 2459 1317 2522 meis
1348 2457 1831 2522 infirmitatibus
1863 2467 1929 2522 et
1960 2458 2191 2522 mentis
2225 2467 2291 2522 et

157 2548 444 2634 corporis
511 2545 679 2633 apud
747 2568 1089 2632 supernam
1148 2546 1551 2611 clementiam
1600 2548 1852 2633 saepius
1898 2547 2289 2611 interuenire

157 2636 602 2719 meminerint3
655 2644 722 2699 et
766 2637 832 2699 in
879 2637 1006 2700 suis
1049 2636 1284 2721 quique
1329 2637 1677 2721 prouinciis
1724 2636 1887 2699 hanc
1934 2636 2091 2700 mihi
2137 2658 2289 2700 suae

157 2726 694 2789 remunerationis
742 2726 949 2788 uicem
994 2724 1373 2811 rependant,
1420 2734 1511 2809 ut,
1562 2724 1781 2810 quide
1830 2725 2096 2811 singulis
2141 2748 2285 2812 pro·

159 2816 389 2879 uinciis
451 2816 590 2877 siue
650 2813 808 2878 locis
867 2813 1375 2894 sublimioribus,
1444 2836 1609 2901 quae
1668 2823 2023 2879 memoratu
2093 2815 2291 2899 digna

161 2912 352 2989 atque
384 2902 610 2968 incolis
643 2912 832 2987 grata
864 2902 1282 2985 credideram,
1332 2902 1673 2989 diligenter
1704 2904 2011 2968 adnotare
2045 2906 2285 2985 curaui,

163 2991 328 3078 apud
375 3014 600 3057 omnes
647 2992 928 3057 fructum
976 2994 1121 3079 piae
1166 2994 1641 3057 intercessionis
1688 2995 2027 3058 inueniam.
