2723 4326
211 191 338 248 1111.
377 194 462 246 22.
2213 198 2342 262 203

212 373 459 456 fuisset,
507 369 823 460 proderet.
936 368 1124 448 Quod
1170 371 1324 436 dum
1370 371 1479 436 ille
1523 371 1796 456 faceret,
1859 373 2227 438 ministrum
2274 397 2344 438 se

211 464 388 546 regis
432 465 630 527 fuisse
675 459 1121 544 manifestans,
1169 460 1536 548 respondit:
1606 460 1732 542 ‘Et
1759 483 1881 547 ego
1928 483 2046 549 per
2090 461 2346 546 singula

211 560 324 615 tua
368 572 678 637 responsa
725 571 1176 634 cognoueram,
1225 551 1377 635 quia
1406 549 1680 616 rusticus
1708 571 1837 614 non
1869 572 2030 632 eras,
2080 560 2143 615 et
2174 572 2343 615 nunc

210 640 443 725 dignus
491 638 752 726 quidem
798 661 866 704 es
913 648 1152 721 morte,
1209 640 1358 724 quia
1419 660 1638 703 omnes
1696 638 1928 704 fratres
1975 650 2041 704 et
2086 642 2345 725 cognati

209 731 342 794 mei
385 731 451 792 in
496 729 609 793 illa
653 737 803 792 sunt
846 747 1067 813 pugna
1109 728 1473 810 interemti3
1521 749 1640 792 nec
1684 737 1750 792 te
1781 736 2002 793 tamen
2032 727 2341 810 occidam,

208 840 293 883 ne
337 816 533 881 fidem
582 819 710 882 mei
753 817 1054 903 promissi
1099 816 1551 904 praeuaricer.'

388 906 481 971 Vt
526 927 685 991 ergo
731 904 1055 970 conualuit
1074 955 1092 988 ,
1149 903 1439 969 uendidit
1503 925 1649 969 eum
1694 903 2099 970 Lundoniam
2142 905 2343 971 Freso

207 993 494 1079 cuidam3
567 994 685 1060 sed
735 1016 853 1060 nec
884 994 967 1059 ab
1001 993 1130 1076 illo,
1193 1016 1340 1059 cum
1389 994 1539 1059 illuc
1596 994 1956 1079 duceretur,
2017 995 2337 1060 ullatenus

210 1085 420 1170 potuit
467 1083 735 1167 alligari.
831 1081 1079 1147 Verum
1138 1105 1286 1147 cum
1342 1084 1469 1148 alia
1532 1092 1726 1169 atque
1772 1085 1899 1149 alia
1942 1084 2342 1148 uinculorum

209 1175 273 1238 ei
320 1195 559 1258 genera
592 1172 807 1238 hostes
839 1174 1252 1259 inponerent3
1304 1193 1577 1257 cumque
1607 1171 1897 1256 uidisset,
1934 1174 2043 1258 qui
2075 1182 2339 1256 emerat,

209 1263 483 1326 uinculis
531 1284 675 1326 eum
720 1283 850 1325 non
893 1263 1177 1347 potuisse
1209 1259 1513 1344 cohiberi,
1557 1258 1820 1326 donauit
1866 1263 1928 1326 ei
1971 1262 2345 1327 facultatem

209 1373 353 1416 sese
396 1349 774 1430 redimendi,
825 1351 878 1415 si
922 1359 1158 1436 posset.
1250 1347 1315 1412 A
1358 1351 1555 1415 tertia
1599 1360 1819 1416 autem
1864 1351 2041 1434 hora,
2090 1349 2343 1438 quando

208 1441 446 1504 missae
490 1437 630 1505 fieri
676 1438 989 1519 solebant,
1038 1440 1412 1527 saepissime
1441 1440 1700 1504 uincula
1730 1439 2160 1505 soluebantur.
2252 1438 2347 1503 At

209 1529 318 1593 ille
366 1526 517 1594 dato
561 1530 702 1593 iure
749 1526 1044 1610 iurando,
1114 1538 1187 1592 ut
1231 1527 1471 1593 rediret
1528 1529 1632 1592 uel
1734 1531 2026 1593 ecuniam
2089 1529 2182 1593 illi
2227 1551 2345 1615 pro

208 1640 280 1681 se
327 1617 634 1700 mitteret,
683 1619 859 1682 uenit
906 1615 1204 1682 Cantiam
1251 1616 1333 1681 ad
1379 1639 1602 1702 regem
1650 1551 1985 1695 fflotherh
2047 1619 2155 1703 qui
2204 1626 2345 1682 erat

207 1706 378 1770 filius
425 1708 661 1770 sororis
707 1703 1170 1790 Aedilthrydae
1216 1707 1515 1790 reginae,
1562 1704 1644 1770 de
1690 1727 1818 1792 qua
1862 1728 2057 1791 supra
2101 1703 2342 1770 dictum

209 1804 328 1878 est,
377 1797 528 1881 quia
572 1804 637 1860 et
679 1796 818 1882 ipse
863 1795 1184 1880 quondam
1230 1792 1517 1859 eiusdem
1562 1795 1829 1878 reginae
1874 1796 2164 1859 minister
2208 1793 2343 1858 fue·

209 1893 342 1948 rat:
389 1885 706 1970 petiitque
751 1893 818 1949 et
861 1885 1112 1970 accepit
1159 1883 1242 1949 ab
1291 1906 1368 1948 eo
1414 1885 1692 1971 pretium
1724 1905 1877 1947 suae
1907 1881 2342 1968 redemtionis,

207 1995 288 2036 ac
334 1995 449 2036 suo
497 1971 752 2038 domino
795 1995 912 2060 pro
961 1995 1049 2056 se,
1097 1982 1170 2037 ut
1214 1974 1620 2059 promiserat,
1668 1973 1863 2046 misit.

392 2060 520 2140 Qui
587 2071 733 2149 post
797 2061 958 2125 haec
1029 2063 1306 2148 patriam
1374 2082 1672 2126 reuersus
1736 2070 1929 2147 atque
2008 2060 2091 2126 ad
2158 2083 2343 2125 suum

211 2150 481 2216 fratrem
540 2151 924 2238 perueniens
1015 2150 1353 2240 replicauit
1423 2173 1508 2216 ex
1562 2147 1783 2215 ordine
1838 2158 2099 2233 cuncta,
2179 2173 2343 2238 quae

210 2240 339 2304 sibi
395 2239 668 2305 aduersa
687 2289 704 2319 ‚
773 2262 1019 2327 quaeue
1089 2244 1156 2305 in
1219 2241 1509 2306 aduersis
1569 2241 1807 2305 solacia
1861 2241 2340 2325 prouenissent:

210 2330 667 2416 cognouitque‚
713 2331 1033 2394 referente
1087 2330 1195 2395 illo
1216 2379 1232 2410 ,
1288 2330 1413 2394 illis
1458 2330 1739 2395 maxime
1784 2328 2182 2415 temporibus
2229 2350 2346 2393 sua

209 2417 410 2483 fuisse
468 2417 725 2483 uincula
779 2418 1018 2502 soluta,
1084 2419 1314 2505 quibus
1382 2441 1500 2506 pro
1560 2441 1630 2483 se
1690 2420 2029 2483 missarum
2088 2417 2345 2482 fuerant

210 2507 544 2572 celebrata
598 2506 950 2573 sollemnia.
1043 2505 1178 2573 Sed
1242 2516 1309 2571 et
1378 2506 1529 2589 alia,
1600 2528 1763 2593 quae
1828 2507 2217 2593 periclitanti
2286 2508 2346 2571 ei

212 2594 552 2661 commoda
613 2598 1034 2681 contigissent
1097 2606 1162 2662 et
1230 2618 1568 2683 prospera,
1638 2619 1754 2682 per
1820 2596 2345 2662 intercessionem

211 2685 571 2750 fraternam
638 2694 702 2749 et
771 2686 1162 2751 oblationem
1231 2684 1479 2751 hostiae
1538 2685 1835 2749 salutaris
1899 2684 2163 2750 caelitus
2223 2685 2347 2749 sibi

210 2774 414 2839 fuisse
458 2773 698 2839 donata
739 2774 1075 2839 intellexit.
1179 2773 1501 2860 Multique
1545 2773 1704 2838 haec
1748 2795 1787 2837 a
1854 2773 2143 2859 praefato
2204 2774 2346 2837 uiro

210 2861 548 2927 audientes
607 2865 864 2928 accensi
924 2872 1071 2927 sunt
1128 2864 1196 2927 in
1255 2862 1383 2928 fide
1444 2884 1521 2927 ac
1580 2862 1917 2927 deuotione
1962 2863 2219 2949 pietatis
2264 2859 2348 2928 ad

213 2950 547 3033 orandum,
592 2952 699 3015 uel
742 2952 826 3016 ad
873 2951 1258 3037 elimosynas
1315 2950 1642 3017 faciendas
1695 2950 1798 3016 uel
1862 2949 1945 3017 ad
1992 2951 2348 3017 offerendas

216 3039 340 3105 deo
387 3042 686 3105 uictimas
733 3062 958 3107 sacrae
1005 3041 1366 3122 oblationis,
1399 3063 1515 3127 pro
1548 3041 1876 3127 ereptione
1907 3063 2185 3124 suorum,
2237 3042 2346 3125 qui

213 3128 296 3195 de
345 3130 598 3195 saeculo
645 3131 1118 3215 migrauerant:
1168 3129 1623 3194 intellexerunt
1670 3131 1859 3213 enim,
1910 3130 2061 3215 quia
2106 3127 2344 3194 sacrifi-

213 3220 388 3283 cium
434 3218 714 3284 salutare
760 3218 841 3283 ad
885 3217 1346 3284 redemtionem
1393 3219 1640 3283 ualeret
1686 3227 1753 3282 et
1796 3219 2051 3282 animae
2096 3226 2161 3282 et
2207 3238 2345 3282 cor-

214 3310 391 3394 poris
441 3308 919 3393 sempiternam.

394 3395 583 3461 Hanc
639 3394 796 3461 mihi
853 3396 1184 3460 historiam
1245 3397 1441 3461 etiam
1486 3395 1747 3482 quidam
1792 3416 2012 3461 eorum
2028 3445 2047 3479 ,
2108 3395 2218 3480 qui
2262 3393 2348 3458 ab

215 3485 355 3571 ipso
401 3486 562 3568 uiro,
597 3486 664 3547 in
697 3506 820 3569 quo
852 3484 1028 3551 facta
1058 3494 1175 3566 est,
1213 3484 1495 3567 audiere,
1542 3492 1917 3549 narrarunt:
1966 3482 2136 3548 unde
2182 3504 2345 3567 eam,

218 3575 370 3659 quia
411 3572 656 3659 liquido
703 3576 1003 3661 comperi,
1037 3572 1476 3639 indubitanter
1505 3571 1810 3638 historiae
1841 3580 2097 3637 nostrae
2143 3572 2345 3637 eccle-

217 3664 513 3728 siasticae
559 3661 963 3728 inserendam
1010 3661 1270 3728 credidi.
