2723 4326
429 259 558 322 258
2229 254 2294 306 V.
2337 254 2564 309 17—18.

432 444 497 498 et
543 443 729 498 nocte
772 434 1046 498 lucente.
1140 432 1221 497 In
1266 430 1645 497 occidentali
1691 432 1976 497 eiusdem
2024 434 2333 498 ecclesiae
2379 444 2566 521 parte

430 524 752 589 fenestrae
801 531 944 587 octo
987 521 1390 608 totidemque
1439 544 1474 586 e
1521 524 1784 607 regione
1830 522 2159 608 lampades
2207 524 2273 587 in
2303 522 2564 589 funibus

430 612 779 700 pendentes
826 634 1028 697 usque
1060 610 1580 696 Hierosolymam
1629 634 1746 699 per
1790 612 2031 675 uitrum
2077 612 2358 697 fulgent3
2408 635 2568 698 qua-

428 725 571 766 rum
617 702 731 765 lux
777 702 973 765 corda
1017 702 1404 765 intuentium
1437 722 1582 765 cum
1615 699 1892 787 quadam
1926 700 2261 766 alacritate
2293 711 2359 766 et
2392 725 2561 768 com-

430 791 773 876 punctione
804 790 1190 877 pauefacere
1222 789 1473 853 dicitur.
1537 788 1617 853 In
1649 789 1751 854 die
1784 792 2173 854 ascensionis
2206 789 2566 856 dominicae

430 902 547 965 per
593 902 793 943 annos
841 880 1145 963 singulos,
1194 879 1394 942 missa
1424 888 1708 964 peracta,
1742 878 1940 943 ualidi
1970 879 2248 944 flaminis
2280 881 2566 966 procella

432 967 767 1033 desursum
811 970 1031 1032 uenire
1080 969 1413 1032 consueuit
1459 976 1525 1031 et
1571 990 1812 1050 omnes,
1863 970 1971 1053 qui
2017 970 2084 1032 in
2131 970 2408 1034 ecclesia
2454 968 2565 1033 ad-

427 1058 687 1141 fuerint,
735 1068 949 1121 terrae
989 1059 1444 1142 prosternere.'

604 1146 710 1211 De
773 1147 900 1210 situ
961 1147 1157 1210 etiam
1185 1142 1506 1209 Chebron
1573 1155 1637 1208 et
1692 1147 2122 1209 monumentis
2169 1155 2428 1231 patrum
2474 1149 2571 1211 ita

429 1233 678 1299 scribit:
761 1233 1083 1299 ‘Chebron
1144 1233 1466 1319 quondam
1525 1234 1756 1297 ciuitas
1815 1243 1881 1299 et
1940 1234 2316 1321 metropolis
2375 1238 2569 1320 regni

429 1323 673 1407 Dauid,
730 1346 899 1387 nunc
944 1324 1145 1386 ruinis
1192 1332 1473 1406 tantum,
1522 1322 1676 1408 quid
1720 1332 1875 1387 tunc
1918 1322 2142 1406 fuerit,
2199 1322 2565 1389 ostendens.

430 1411 575 1477 Vno
609 1413 692 1476 ad
725 1414 1035 1476 orientem
1070 1412 1273 1476 stadio
1308 1410 1681 1498 speluncam
1714 1410 2031 1497 duplicem
2056 1414 2123 1475 in
2146 1414 2313 1477 ualle
2345 1412 2564 1498 habet,

426 1502 539 1565 ubi
585 1501 879 1587 sepulcra
921 1500 1436 1586 patriarcharum
1482 1498 1795 1585 quadrato
1837 1522 2021 1566 muro
2066 1502 2567 1586 circumdantur,

430 1591 747 1676 capitibus
808 1592 1011 1655 uersis
1058 1587 1141 1653 ad
1187 1587 1606 1675 Aquilonem3
1669 1598 1734 1653 et
1766 1589 1925 1654 haec
1984 1590 2238 1675 singula
2297 1592 2568 1675 singulis

427 1688 601 1744 tecta
623 1679 942 1766 lapidibus
966 1681 1169 1743 instar
1187 1678 1493 1743 basilicae
1526 1676 1781 1761 dolatis3
1825 1680 2020 1743 trium
2054 1680 2570 1764 patriarcharum

430 1768 745 1852 candidis,
807 1766 1020 1832 Adam
1080 1768 1464 1832 obscurioris
1514 1776 1580 1831 et
1625 1768 1868 1831 uilioris
1917 1771 2156 1854 operis,
2220 1770 2329 1854 qui
2393 1769 2568 1834 haud

427 1858 621 1941 longe
666 1858 749 1921 ab
795 1858 920 1921 illis
968 1856 1053 1921 ad
1081 1855 1422 1921 Borealem
1469 1866 1955 1942 extremamque
2000 1860 2169 1922 muri
2214 1857 2381 1922 illius
2419 1881 2566 1944 par-

428 1954 561 2010 tem
605 1955 850 2032 pausat.
918 1944 1144 2009 Trium
1189 1967 1444 2032 quoque
1482 1945 1867 2010 feminarum
1898 1946 2157 2010 uiliores
2189 1957 2255 2010 et
2286 1948 2570 2011 minores

427 2036 776 2099 memoriae
821 2043 1186 2099 cernuntur.

609 2122 881 2189 ‘Mamre
941 2124 1119 2188 collis
1178 2123 1353 2188 mille
1415 2123 1708 2210 passibus
1755 2146 1796 2188 a
1841 2125 2270 2190 monumentis
2335 2122 2436 2189 his
2483 2124 2570 2190 ad

428 2213 742 2297 Boream,
796 2213 1110 2278 herbosus
1157 2212 1345 2277 ualde
1393 2222 1458 2277 et
1503 2211 1794 2296 floridus,
1843 2223 2272 2300 campestrem
2316 2213 2568 2278 habens

425 2305 494 2366 in
548 2304 792 2367 uertice
850 2303 1214 2388 planitiem3
1275 2304 1341 2366 in
1403 2303 1581 2365 cuius
1641 2301 1990 2386 aquilonali
2046 2313 2230 2388 parte
2290 2325 2570 2389 quercus

426 2391 732 2456 Abrahae
803 2389 1076 2455 duorum
1137 2390 1468 2454 hominum
1545 2391 1899 2454 altitudinis
1962 2401 2226 2456 truncus
2297 2391 2572 2456 ecclesia

428 2480 827 2546 circumdata
872 2479 1007 2544 est’.

608 2567 794 2634 Haec
855 2567 935 2633 de
996 2569 1316 2653 opusculis
1382 2577 1692 2654 excerpta
1757 2569 2034 2654 praefati
2094 2571 2426 2655 scriptoris
2485 2566 2572 2632 ad

432 2681 688 2724 sensum
735 2658 996 2743 quidem
1041 2657 1387 2721 uerborum
1432 2657 1627 2739 illius,
1689 2657 1802 2721 sed
1847 2656 2251 2722 breuioribus
2298 2659 2568 2722 strictis·

434 2770 560 2833 que
606 2747 1066 2833 comprehensa
1111 2747 1531 2831 sermonibuS,
1577 2748 1812 2810 nostris
1858 2746 1941 2811 ad
1984 2748 2328 2812 utilitatem
2351 2748 2571 2830 legen-

432 2839 595 2900 tium
640 2836 923 2900 historiis
969 2833 1188 2899 indere
1233 2836 1492 2922 placuit.
1555 2833 1752 2899 Plura
1787 2837 2130 2900 uoluminis
2162 2835 2350 2920 illius,
2399 2835 2571 2920 siqui

434 2926 599 2988 scire
648 2923 946 3006 delectat,
1017 2925 1123 2988 uel
1167 2926 1233 2989 in
1279 2927 1416 3010 ipso
1462 2925 1570 2988 illo
1617 2924 1940 2988 uolumine
1983 2924 2090 2988 uel
2134 2926 2200 2988 in
2247 2947 2344 3010 ec,
2391 2922 2571 3010 quod

433 3013 513 3078 de
557 3013 665 3077 illo
713 3011 955 3079 dudum
1002 3014 1273 3078 strictim
1319 3015 1785 3100 excerpsimus,
1851 3015 2200 3100 epitomate
2255 3017 2567 3100 requirat.

1448 3244 1549 3307 18.

432 3403 514 3460 Vt
559 3403 886 3459 Australes
938 3401 1208 3458 Saxones
1264 3400 1588 3470 episcopos
1639 3400 1996 3469 acceperint
2047 3400 2458 3456 Eadberctum
2504 3401 2570 3456 et

434 3494 681 3562 Eollan,
722 3490 1151 3548 occidentales
1176 3491 1542 3546 Danihelem
1567 3490 1632 3546 et
1657 3489 2043 3545 Aldhelmum
2051 3505 2073 3558 3
2114 3489 2180 3545 et
2206 3489 2279 3544 de
2307 3489 2569 3558 scriptis

1180 3580 1453 3635 eiusdem
1487 3580 1820 3635 Aldhelmi.

610 3725 801 3791 Anno
867 3723 1228 3790 dominicae
1294 3724 1747 3789 incarnationis
1792 3719 2085 3788 DOO⁰V⁰
2131 3719 2388 3786 Aldfrid
2452 3743 2571 3784 rex

434 3813 1121 3899 Nordanhymbrorum
1166 3811 1503 3878 defunctus
1550 3821 1648 3877 est
1693 3833 1859 3876 anno
1903 3813 2092 3896 regni
2123 3812 2221 3875 sui
2265 3811 2570 3875 uicesimo

435 3900 710 3965 necdum
768 3902 1059 3987 implet03
1124 3904 1226 3966 cui
1274 3899 1620 3967 succedens
1667 3903 1734 3965 in
1780 3903 2124 3988 imperium
2184 3899 2352 3962 filius
2415 3920 2568 3962 suus

2712 1074 2719 1577 -—-——..-——
2714 698 2719 1021 ————
