2723 4326
390 187 519 251 278
1322 146 1331 156 ⁶
2331 190 2398 241 v.
2445 191 2543 245 21.

390 365 595 427 sancti
642 364 900 448 spiritus
950 385 1323 449 comparare
1371 363 1611 428 uolenti
1657 364 1812 429 dicit
1856 363 2024 429 idem
2073 365 2306 429 Petrus
2353 363 2542 451 (Act.

395 454 453 535 8,
491 455 594 519 20.
630 450 781 538 21):
835 451 1159 538 „Pecunia
1204 463 1315 516 tua
1359 463 1574 518 tecum
1622 456 1703 516 sit
1750 456 1816 518 in
1861 452 2316 539 perditionem,
2365 477 2536 541 quo-

389 543 562 606 niam
612 541 848 606 donum
896 540 1000 605 dei
1048 544 1432 606 existimasti
1478 565 1592 629 per
1638 544 1974 627 pecuniam
2009 543 2348 630 possideri:
2397 566 2540 607 non

392 642 489 695 est
535 632 653 696 tibi
697 653 847 716 pars
892 650 1102 716 neque
1163 652 1299 694 sors
1345 632 1410 694 in
1473 653 1764 696 sermone
1811 628 1994 697 hoc.“
2089 631 2324 717 Neque
2368 654 2540 697 uero

391 720 473 785 ob
521 718 585 783 id
634 728 886 784 tantum
931 722 999 784 in
1053 742 1353 786 coronam
1413 719 1866 805 adtondemur,
1935 722 2086 806 quia
2144 722 2374 786 Petrus
2437 723 2542 785 ita

392 818 683 873 attonsus
744 818 875 892 est3
933 808 1046 884 sed
1108 812 1261 895 quia
1306 809 1538 874 Petrus
1601 811 1664 873 in
1726 812 2104 873 memoriam
2163 810 2536 874 dominicae

393 900 705 984 passionis
750 899 842 962 ita
888 907 1178 963 attonsus
1228 908 1341 982 est,
1390 898 1629 963 idcirco
1677 907 1744 962 et
1789 921 1925 982 noS,
1961 901 2069 984 qui
2101 921 2220 985 per
2252 897 2536 963 eandem

394 989 758 1073 passionem
819 987 1057 1051 saluari
1123 987 1591 1071 desideramUS,
1646 988 1844 1073 ipsius
1901 989 2215 1074 passionis
2271 989 2539 1071 signum

397 1098 539 1140 cum
589 1075 695 1139 illo
742 1076 807 1139 in
854 1078 1117 1158 uertice,
1167 1097 1415 1140 summa
1461 1074 1762 1143 uidelicet
1792 1078 2076 1162 corporis
2110 1078 2308 1141 nostri
2339 1086 2536 1162 parte

394 1175 745 1250 gestamus,
840 1162 1023 1230 Sicut
1070 1166 1239 1229 enim
1288 1166 1492 1229 omnis
1541 1165 1842 1249 ecclesia,
1893 1167 2044 1249 quia
2089 1188 2206 1251 per
2249 1175 2536 1228 mortem

394 1256 492 1317 sui
540 1253 957 1318 uiuificatoris
1004 1255 1274 1318 ecclesia
1319 1255 1495 1318 facta
1541 1262 1656 1339 est,
1707 1256 1962 1339 signum
2011 1264 2269 1319 sanctae
2316 1256 2534 1317 crucis

396 1346 532 1406 eius
578 1344 648 1406 in
692 1342 903 1406 fronte
950 1352 1209 1427 portare
1256 1344 1622 1424 consueuit,
1677 1353 1749 1407 ut
1795 1343 2021 1407 crebro
2067 1342 2291 1407 uexilli
2337 1342 2534 1406 huius

395 1432 747 1495 munimine
793 1452 832 1493 a
876 1430 1305 1515 malignorum
1353 1432 1693 1517 spirituum
1725 1431 2102 1496 defendatur
2133 1431 2530 1513 incursibus3

396 1519 623 1584 crebra
685 1519 871 1583 huius
940 1518 1378 1585 admonitione
1444 1520 1750 1585 doceatur
1809 1544 1878 1584 se
1947 1542 2204 1606 quoque
2268 1542 2534 1584 carnem

397 1631 579 1673 suam
627 1630 772 1673 cum
818 1610 992 1673 uitiis
1041 1618 1105 1674 et
1137 1609 1669 1695 concupiscentiis
1702 1607 2081 1693 crucifigere
2113 1608 2385 1673 debere:
2437 1610 2535 1672 ita

398 1700 594 1763 etiam
658 1707 913 1784 oportet
975 1721 1116 1783 eos,
1188 1700 1297 1784 qui
1342 1698 1447 1763 uel
1492 1697 1788 1763 monachi
1833 1706 2056 1762 uotum
2099 1699 2204 1762 uel
2251 1695 2528 1781 gradum

397 1787 733 1852 clericatus
757 1786 1069 1852 habentes
1093 1787 1434 1852 artioribus
1459 1809 1528 1851 se
1558 1809 1818 1852 necesse
1849 1787 2090 1851 habent
2120 1809 2237 1873 pro
2271 1784 2531 1850 domino

400 1877 828 1940 continentiae
873 1877 1071 1941 frenis
1118 1878 1498 1962 astringere.

580 1964 903 2029 ‘Formam
946 1987 1199 2051 quoque
1239 1988 1534 2048 coronae,
1583 1987 1773 2050 quam
1805 1966 1943 2052 ipse
1975 1966 2042 2027 in
2071 1964 2370 2050 passione
2403 1964 2532 2048 spi·

398 2075 588 2118 neam
633 2056 917 2140 portauit
945 2058 1013 2118 in
1044 2056 1271 2140 capite,
1318 2064 1392 2118 ut
1437 2056 1652 2139 spinas
1695 2076 1772 2117 ac
1803 2053 2072 2118 tribulos
2117 2062 2531 2139 peccatorum

398 2153 760 2208 nostrorum
785 2152 1089 2231 portaret,
1123 2143 1187 2208 id
1207 2152 1304 2208 est
1329 2151 1702 2230 exportaret
1721 2152 1785 2206 et
1813 2143 2101 2208 auferret
2119 2166 2156 2206 a
2181 2141 2386 2226 nobiS,
2421 2163 2537 2206 suo

402 2255 719 2319 quemque
748 2235 815 2297 in
847 2237 1059 2320 capite
1090 2256 1206 2320 per
1237 2244 1564 2297 tonsuram
1611 2234 1960 2318 praeferre,
2009 2242 2082 2295 ut
2113 2254 2183 2296 se
2215 2233 2412 2296 etiam
2442 2232 2538 2294 in·

402 2323 668 2386 risiones
716 2332 780 2386 et
827 2322 1171 2409 obprobria
1225 2344 1339 2408 pro
1396 2322 1503 2386 illo
1558 2322 1838 2386 libenter
1883 2344 1958 2385 ac
2013 2331 2267 2407 promte
2325 2324 2541 2383 omnia

402 2411 667 2475 sufferre
698 2413 836 2496 ipso
869 2413 1059 2475 etiam
1103 2412 1502 2497 frontispicio
1549 2411 1851 2475 doceant:
1899 2420 1972 2473 ut
2017 2431 2319 2474 coronam
2364 2413 2538 2473 uitae

324 2521 331 2528 ·
402 2511 718 2583 aeternae,
742 2521 935 2585 quam
953 2502 1321 2586 repromisit
1337 2498 1490 2564 deus
1511 2499 1920 2584 diligentibus
1941 2521 2029 2578 se,
2053 2520 2120 2562 se
2143 2519 2400 2583 semper
2420 2519 2532 2561 ex-

401 2598 660 2675 pectare
706 2611 952 2674 proque
998 2588 1185 2652 huius
1230 2590 1645 2676 perceptione
1678 2598 1742 2653 et
1776 2587 2051 2652 aduersa
2096 2609 2165 2650 se
2213 2585 2438 2650 mundi
2469 2596 2536 2650 et

400 2699 711 2764 prospera
755 2687 1164 2742 contemnere
1210 2678 1570 2763 designent.
1636 2675 1940 2741 Ceterum
1988 2686 2319 2740 tonsuram
2366 2697 2529 2756 eam,

400 2789 595 2853 quam
619 2788 884 2851 magum
904 2767 1120 2832 ferunt
1143 2765 1444 2832 habuisse
1465 2765 1814 2850 Simonem,
1843 2767 2006 2852 quis,
2035 2787 2214 2850 rogo,
2247 2762 2533 2827 fidelium

402 2878 538 2920 non
600 2857 817 2919 statim
879 2877 1023 2918 cum
1082 2858 1222 2941 ipsa
1280 2858 1498 2940 magia
1541 2856 1749 2942 primo
1796 2852 2152 2919 detestetur
2199 2862 2264 2917 et
2309 2855 2539 2916 merito

406 2943 711 3008 exsufflet
756 2944 1074 3030 aspectu?
1121 2943 1305 3023 Quae
1350 2946 1418 3008 in
1465 2946 1689 3009 frontis
1737 2943 1994 3028 quidem
2021 2941 2388 3028 superficie,
2438 2963 2539 3004 co-

406 3055 605 3097 ronae
664 3031 919 3098 uidetur
982 3036 1263 3120 speciem
1317 3034 1684 3120 praeferre3
1747 3032 1858 3097 sed
1913 3033 2025 3097 ubi
2085 3031 2168 3096 ad
2221 3031 2540 3095 ceruicem

410 3119 869 3186 considerando
916 3125 1307 3209 perueneriS,
1355 3121 1754 3187 decurtatam
1805 3143 1966 3205 eam,
2002 3141 2195 3206 quam
2217 3129 2285 3184 te
2317 3118 2538 3183 uidere

408 3212 705 3298 putabaS,
754 3213 1042 3276 inuenies
1090 3234 1424 3294 coronam3
1491 3220 1563 3274 ut
1626 3211 1854 3274 merito
1915 3210 2109 3274 talem
2159 3207 2541 3272 Simoniacis

408 3312 472 3365 et
523 3322 648 3364 non
698 3299 1080 3365 Christianis
1136 3299 1427 3366 habitum
1493 3301 1835 3365 conuenire
1883 3319 2261 3382 cognoscas:
2322 3297 2431 3380 qui
2475 3297 2540 3358 in

407 3390 733 3476 praesenti
780 3388 1038 3473 quidem
1106 3392 1235 3453 uita
1292 3412 1331 3452 a
1392 3387 1677 3475 deceptis
1737 3387 2101 3451 hominibus
2147 3385 2540 3472 putabantur

408 3477 589 3562 digni
635 3488 983 3563 perpetuae
1014 3477 1220 3563 gloria
1252 3500 1555 3560 coronae3
1606 3476 1718 3541 sed
1765 3479 1831 3539 in
1877 3499 1974 3559 ea,
2023 3497 2186 3560 quae
2235 3473 2400 3536 hanc
2445 3495 2538 3536 se-

411 3568 628 3652 quitur
673 3567 902 3647 uitam,
968 3589 1099 3631 non
1145 3567 1349 3630 solum
1399 3567 1572 3630 omni
1619 3588 1731 3652 spe
1779 3587 2050 3629 coronae
2094 3564 2362 3650 priuati,
2431 3559 2541 3625 sed

410 3663 677 3718 aeterna
720 3656 982 3742 insuper
1028 3666 1177 3719 sunt
1222 3678 1430 3741 poena
1476 3655 1778 3718 damnati.

591 3741 841 3828 ‘Neque
855 3767 1010 3809 uero
1028 3768 1131 3808 me
1145 3745 1304 3809 haec
1318 3745 1411 3808 ita
1431 3752 1839 3830 prosecutum
1863 3741 2184 3823 aestimes,
2210 3741 2397 3822 quasi
2414 3761 2538 3819 eoS,

414 3831 523 3915 qui
552 3829 716 3894 hanc
746 3843 1073 3896 tonsuram
1105 3833 1364 3916 habent,
1409 3833 1862 3898 condemnatos
1893 3829 2189 3911 iudicem,
2233 3830 2287 3892 si
2320 3828 2446 3893 fide
2477 3838 2540 3891 et
