2723 4326
26 3700 33 3805 ῐ

141 197 188 251 1.
231 196 458 251 16-17.
2190 199 2273 264 25

893 305 911 339 Ι

140 375 454 463 paulatim
515 376 688 440 uires
745 376 1119 460 animosque
1173 397 1499 440 resumere
1556 384 1959 459 emergentes
2006 374 2085 440 de
2130 376 2271 442 lati-

143 464 342 548 bulis,
393 464 622 549 quibus
668 462 874 529 abditi
919 463 1203 547 fuerant,
1267 474 1331 528 et
1386 465 1687 529 unanimo
1738 486 2048 529 consensu
2094 466 2275 529 auxi-

139 556 303 618 lium
367 552 646 618 caeleste
722 562 1092 640 precantes,
1169 575 1252 618 ne
1329 575 1533 639 usque
1609 553 1692 618 ad
1766 555 2274 618 internecionem

141 664 608 728 usquequaque
679 641 1062 708 delerentur.
1176 641 1539 706 Vtebantur
1606 665 1683 708 eo
1750 652 2043 729 tempore
2113 641 2275 708 duce

143 730 494 796 Ambrosio
526 731 876 796 Aureliano
922 733 1061 797 uiro
1109 729 1419 816 modesto,
1469 732 1578 818 qui
1625 731 1794 796 solus
1839 731 2005 797 forte
2042 732 2274 796 Roma-

137 844 266 888 nae
333 821 544 904 gentis
609 821 940 907 praefatae
1009 822 1383 906 tempestati
1440 820 1875 907 superfuerat,
1934 823 2162 886 occisis
2208 822 2273 885 in

137 909 370 974 eadem
435 908 810 994 parentibus
871 911 1127 996 regium
1183 930 1418 973 nomen
1474 919 1538 974 et
1583 911 1833 994 insigne
1898 909 2271 992 ferentibus.

136 997 288 1064 Hoc
353 1020 510 1082 ergo
565 998 727 1063 duce
788 1001 961 1063 uires
1021 1007 1364 1085 capessunt
1422 997 1793 1085 BrettoneS,
1868 1008 1933 1063 et
1996 1002 2273 1065 uictores

135 1097 567 1174 prouocantes
615 1086 696 1151 ad
742 1087 1074 1174 proelium,
1121 1089 1458 1154 uictoriam
1489 1089 1610 1174 ipsi
1642 1088 1759 1154 deo
1790 1087 2049 1154 fauente
2080 1089 2273 1153 susci-

136 1178 345 1263 piunt.
438 1176 528 1240 Et
575 1199 657 1241 ex
704 1199 781 1241 eo
836 1185 1131 1264 tempore
1189 1197 1361 1242 nunc
1409 1178 1611 1261 ciues,
1661 1198 1832 1242 nunc
1876 1176 2091 1242 hostes
2137 1180 2273 1242 uin-

133 1266 411 1350 cebant,
477 1287 680 1351 usque
749 1265 831 1330 ad
893 1288 1130 1331 annum
1190 1267 1575 1331 obsessionis
1638 1265 1951 1332 Badonici
2016 1269 2270 1351 montis,
2339 1337 2343 1346 ¹

129 1354 399 1441 quando
467 1376 596 1418 non
661 1357 960 1420 minimas
1026 1353 1270 1421 eisdem
1332 1355 1622 1420 hostibus
1693 1365 1942 1439 strages
2013 1354 2271 1440 dabant,

131 1444 638 1530 quadragesimo
672 1446 926 1508 circiter
972 1453 1036 1509 et
1084 1452 1313 1529 quarto
1360 1467 1527 1509 anno
1576 1444 1888 1509 aduentus
1936 1466 2163 1509 eorum
2208 1447 2275 1509 in

135 1533 552 1600 Brittaniam.
643 1531 777 1598 Sed
821 1534 981 1598 haec
1026 1533 1454 1619 postmodum.

1150 1766 1252 1830 17.

137 1888 219 1944 Vt
265 1886 608 1944 Germanus
655 1887 980 1955 episcopus
1032 1901 1168 1942 cum
1213 1887 1384 1955 Lupo
1431 1885 1812 1942 Brittaniam
1857 1888 2160 1955 nauigans
2208 1889 2273 1944 et
2329 1863 2335 1871 ⁴

140 1959 345 2030 prImo
399 1959 592 2014 maris
645 1958 710 2014 et
758 1958 1144 2027 postmodum
1178 1957 1660 2025 Pelagianorum
1713 1959 2141 2028 tempestatem
2180 1960 2269 2014 ‹11-

795 2029 947 2084 uina
982 2029 1226 2085 ulrtute
1267 2028 1606 2084 sedauerit.

313 2155 490 2222 Ante
552 2179 791 2244 paucos
855 2179 1008 2221 sane
1071 2155 1383 2221 aduentus
1442 2179 1663 2221 eorum
1722 2179 1919 2221 annos
1988 2157 2270 2223 haeresis

135 2248 492 2332 Pelagiana
521 2269 638 2332 per
668 2244 1043 2331 Agricolam
1089 2246 1306 2324 inlata,
1355 2244 1695 2312 Seueriani
1726 2248 2012 2333 episcopi
2043 2244 2269 2329 filium,

131 2336 328 2401 fidem
376 2335 845 2400 Brittaniarum
891 2334 1081 2400 foeda
1125 2345 1309 2422 peste
1355 2336 1959 2401 commaculauerat.
2021 2335 2270 2400 Verum

134 2426 440 2510 Brittani,
491 2447 638 2488 cum
681 2446 892 2510 neque
938 2425 1262 2511 suscipere
1295 2422 1534 2510 dogma
1568 2446 1946 2511 peruersum
1992 2426 2271 2509 gratiam

134 2514 383 2580 Christi
435 2512 938 2618 blasphemando
994 2514 1312 2579 ullatenus
1370 2514 1609 2580 uellent
1661 2536 1874 2600 neque
1918 2516 2271 2579 uersutiam

133 2604 424 2671 nefariae
470 2604 898 2692 persuasionis
943 2603 1229 2667 refutare
1274 2604 1490 2668 uerbis
1530 2602 1835 2668 certando
1884 2602 2269 2687 sufficerent,

135 2695 474 2758 inueniunt
528 2693 784 2758 salubre
839 2692 1200 2774 consilium,
1258 2701 1328 2755 ut
1384 2714 1425 2757 a.
1469 2689 1821 2757 Gallicanis
1881 2694 2271 2758 antistitibus

137 2782 450 2847 auxilium
495 2781 648 2846 belli
695 2780 996 2868 spiritalis
1042 2781 1385 2867 inquirant.
1465 2779 1675 2860 Quam
1725 2781 1808 2846 ob
1856 2804 2115 2847 causam
2147 2783 2271 2848 col-

135 2872 302 2937 lecta
362 2892 604 2961 magna
667 2870 910 2955 synodo
959 2870 1390 2956 quaerebatur
1448 2872 1515 2935 in
1563 2893 1929 2956 commune,
1986 2873 2095 2958 qui
2139 2872 2271 2937 illic

135 2961 214 3026 ad
277 2946 779 3025 succurrendum
839 2958 990 3024 fidei
1049 2961 1221 3024 mitti
1294 2957 1637 3025 deberent.
1716 2969 1911 3046 atque
1986 2962 2271 3026 omnium

135 3049 372 3115 iudicio
422 3050 608 3113 electi
655 3060 800 3114 sunt
851 3048 1188 3134 apostolici
1233 3046 1598 3113 sacerdotes
1647 3046 2009 3114 Germanus
2056 3048 2272 3114 Autis-

137 3140 522 3205 siodorensis
569 3146 633 3202 et
661 3137 884 3225 Lupus
917 3137 1321 3203 Trecasenae
1369 3139 1647 3203 ciuitatis
1696 3139 1999 3225 episcopi,
2049 3140 2159 3224 qui
2190 3136 2271 3203 ad

139 3226 644 3293 confirmandam
690 3162 886 3291 fidem
931 3232 1182 3312 gratiae
1230 3226 1525 3292 caelestis
1555 3225 1909 3291 Brittanias
1953 3229 2268 3295 uenirent.

134 3316 267 3421 Qui
313 3340 462 3381 cum
509 3326 766 3403 promta
811 3316 1148 3381 deuotione
1193 3338 1420 3403 preces
1469 3324 1535 3381 et
1567 3318 1740 3381 iussa
1778 3326 2037 3381 sanctae
2070 3316 2267 3381 eccle-

137 3408 271 3473 siae
318 3408 778 3492 suscepissent,
826 3406 1071 3470 intrant
1119 3402 1451 3469 Oceanum
1498 3414 1562 3469 et
1605 3427 1806 3490 usque
1858 3405 1941 3470 ad
1986 3403 2271 3471 medium

138 3497 418 3579 itineris,
485 3516 611 3580 quo
671 3518 712 3559 a
773 3492 1027 3560 Gallico
1093 3496 1234 3559 sinu
1292 3494 1647 3558 Brittanias
1706 3516 1909 3579 usque
1964 3494 2269 3580 tenditur,

137 3582 434 3649 secundis
482 3582 740 3649 flatibus
785 3586 970 3647 nauis
1011 3594 1153 3647 tuta
1191 3583 1465 3648 uolabat.
1542 3581 1715 3647 Tum
1749 3582 1959 3647 subito
1994 3587 2272 3649 occurrit

137 3674 556 3759 pergentibus
609 3674 872 3738 inimica
928 3673 1026 3735 uis
1083 3672 1496 3757 daemonum,
1558 3674 1667 3757 qui
1722 3682 1935 3737 tantos
1980 3673 2269 3760 talesque

137 3765 318 3827 uiros
361 3761 443 3827 ad
487 3760 993 3848 recuperandam
1039 3763 1302 3828 tendere
1355 3760 1741 3849 populorum
1788 3762 2061 3827 salutem
2107 3765 2266 3827 inui-

141 3852 397 3918 derent:
447 3852 771 3917 concitant
799 3850 1132 3938 procellas,
1174 3851 1423 3917 caelum
1454 3850 1751 3938 diemque
1781 3852 2046 3917 nubium
2080 3862 2269 3917 nocte
