2723 4326
167 246 253 297 111.
293 248 370 300 19.
2162 252 2289 316 133

166 446 312 509 rege
369 424 693 511 praefate,
757 433 823 489 et
883 424 1138 488 solitum
1188 424 1308 488 sibi
1356 448 1516 512 opus
1577 425 2064 511 euangelizandi
2111 449 2292 492 exse-

169 536 377 601 quens,
427 514 664 578 multos
699 522 762 577 et
794 515 1092 599 exemplo
1131 514 1389 579 uirtutis
1422 523 1487 579 et
1517 515 1931 580 incitamento
1978 518 2291 583 sermonis

164 604 264 669 uel
304 601 667 668 incredulos
712 601 795 666 ad
843 600 1174 667 Christum
1241 605 1557 668 conuertit
1588 661 1595 667 .
1624 605 1729 668 uel
1774 606 1905 668 iam
1951 604 2290 671 credentes

165 691 432 780 amplius
478 694 544 758 in
589 689 717 755 fide
763 700 955 777 atque
1000 714 1218 756 amore
1266 690 1509 758 Christi
1554 692 1978 758 confirmauit.

331 780 465 846 Vbi
514 780 791 867 quadam
837 780 1209 845 infirmitate
1269 783 1555 869 corporis
1614 792 1934 869 arreptus,
1998 782 2293 868 angelica

164 872 390 935 meruit
435 872 683 935 uisione
727 870 994 956 perfrui,
1041 871 1106 933 in
1139 892 1267 957 qua
1297 871 1660 936 admonitus
1695 880 1791 936 est
1836 880 2061 957 coepto
2106 872 2293 936 uerbi

161 960 508 1025 ministerio
556 958 812 1024 sedulus
858 961 1154 1024 insistere
1200 961 1569 1047 uigiliisque
1614 962 1935 1025 consuetis
1968 970 2033 1024 et
2064 962 2293 1025 oratio·-

162 1048 341 1113 nibus
396 1046 756 1113 indefessus
819 1049 1221 1133 incumbere3
1288 1071 1365 1113 eo
1414 1048 1582 1136 quod
1631 1058 1841 1114 certus
1890 1050 2012 1113 sibi
2059 1050 2289 1135 exituS,

163 1139 266 1202 sed
311 1140 560 1203 incerta
606 1136 891 1202 eiusdem
942 1137 1150 1201 exitus
1197 1147 1367 1202 esset
1411 1137 1571 1203 hora
1618 1139 1855 1223 futura,
1905 1137 2156 1203 dicente
2180 1136 2290 1202 do-

162 1229 326 1291 mino
376 1224 499 1312 (eu.
550 1226 773 1291 Matth.
825 1228 931 1310 25,
985 1224 1125 1312 13):
1177 1226 1485 1311 ‘Vigilate
1529 1229 1775 1314 itaque,
1839 1230 1988 1313 quia
2030 1228 2291 1291 nescitis

162 1314 324 1379 diem
387 1337 599 1401 neque
661 1314 930 1380 horam'.
1028 1314 1174 1392 Qua
1240 1318 1488 1381 uisione
1558 1317 1972 1381 confirmatus
2041 1318 2294 1381 curauit

161 1405 365 1468 locum
412 1406 803 1488 monasterii,
853 1426 1042 1490 quem
1091 1428 1131 1469 a
1174 1405 1469 1491 praefato
1516 1429 1673 1491 rege
1721 1404 2064 1491 Sigbercto
2110 1428 2291 1472 acce-

160 1503 368 1581 perat,
439 1494 844 1558 uelocissime
910 1504 1284 1558 construere
1343 1517 1421 1559 ac
1488 1496 1897 1579 regularibus
1959 1497 2295 1560 instituere

159 1581 526 1669 disciplinis.
618 1582 781 1647 Erat
841 1592 1058 1647 autem
1114 1584 1574 1648 monasterium
1630 1586 1939 1649 siluarum
1987 1593 2051 1648 et
2098 1586 2295 1649 maris

157 1673 490 1737 uicinitate
537 1694 897 1755 amoenum,
948 1680 1389 1739 constructum
1422 1675 1489 1737 in
1521 1683 1732 1738 castro
1777 1672 2072 1760 quodam,
2123 1670 2293 1758 quod

155 1762 375 1847 lingua
420 1760 783 1845 Anglorum
831 1758 1399 1847 Cnobheresburg,
1461 1761 1527 1826 id
1591 1771 1687 1826 est
1744 1762 1899 1826 urbs
1947 1760 2289 1846 Onobheri,

157 1859 454 1932 uocatur3
521 1849 688 1936 quod
749 1847 978 1917 deinde
1032 1873 1151 1915 rex
1196 1853 1567 1937 prouinciae
1612 1851 1781 1915 illius
1827 1850 2017 1914 Anna
2063 1873 2141 1915 ac
2184 1871 2295 1914 no-

157 1939 316 2004 biles
379 1939 620 2025 quique
675 1940 1152 2022 augustioribus
1220 1937 1530 2004 aedificiis
1584 1962 1662 2003 ac
1709 1937 1962 2004 donaris
2026 1939 2293 2005 adorna-

155 2037 321 2093 runt.
418 2027 584 2091 Erat
638 2036 855 2093 autem
911 2030 1012 2091 uir
1065 2029 1188 2093 iste
1245 2026 1325 2093 de
1371 2028 1764 2094 nobilissimo
1820 2051 2063 2114 genere
2110 2025 2293 2095 Scot-

154 2126 399 2201 torum,
463 2116 576 2182 sed
622 2116 815 2202 longe
861 2118 1074 2182 animo
1122 2140 1313 2204 quam
1364 2140 1553 2184 carne
1601 2116 1892 2183 nobilior.
1984 2117 2091 2183 Ab
2149 2119 2291 2204 ipso

155 2217 452 2294 tempore
506 2209 822 2293 pueritiae
868 2228 1022 2271 suae
1076 2229 1297 2272 curam
1353 2229 1482 2272 non
1538 2207 1856 2273 modicam
1909 2208 2296 2272 lectionibus

154 2298 354 2361 sacris
405 2295 595 2360 simul
641 2305 707 2361 et
751 2297 1124 2361 monasticis
1173 2295 1522 2362 exhibebat
1568 2297 1921 2383 disciplinis
1968 2308 2059 2381 et,
2124 2295 2295 2382 quod

152 2387 441 2450 maxime
495 2394 751 2449 sanctos
808 2382 1020 2469 decet,
1095 2396 1351 2470 cuncta,
1425 2407 1589 2472 quae
1648 2384 1903 2471 agenda
1961 2383 2291 2470 didicerat,

152 2475 467 2538 sollicitus
513 2495 710 2558 agere
758 2474 1044 2538 curabat.

333 2562 510 2642 Quid
556 2561 803 2629 multa?
851 2561 1252 2628 Procedente
1296 2573 1591 2650 tempore
1624 2573 1691 2628 et
1728 2565 1865 2650 ipse
1912 2563 2034 2627 sibi
2080 2585 2294 2627 mona-

152 2654 457 2735 sterium,
506 2653 574 2716 in
620 2675 746 2738 quo
789 2651 1054 2716 liberius
1102 2653 1483 2718 caelestibus
1530 2653 1755 2717 studiis
1801 2662 2087 2736 uacaret,
2147 2673 2293 2715 con-

151 2743 425 2824 struxit3
476 2742 588 2806 ubi
643 2751 975 2826 correptus
1031 2739 1434 2826 infirmitate,
1497 2744 1663 2806 sicut
1720 2742 1970 2807 libellus
2024 2739 2105 2806 de
2157 2742 2295 2805 uita

149 2831 286 2895 eius
339 2832 742 2916 conscriptus
789 2828 1181 2896 sufficienter
1227 2830 1473 2914 edocet,
1522 2840 1746 2918 raptus
1794 2841 1893 2896 est
1924 2853 1959 2894 e
1996 2851 2292 2917 corpore:

147 2929 213 2983 et
260 2943 304 2984 a
351 2941 629 3006 uespera
673 2939 879 3004 usque
923 2917 1006 2982 ad
1052 2919 1206 3004 galli
1253 2931 1512 2986 cantum
1560 2941 1828 3007 corpore
1874 2930 2133 3003 exutus,
2183 2942 2293 2984 an-

147 3008 512 3092 gelicorum
569 3011 902 3092 agminum
949 3017 1014 3072 et
1059 3017 1357 3096 aspectus
1413 3011 1650 3074 intueri
1696 3018 1761 3073 et
1806 3008 2029 3074 laudes
2075 3009 2296 3073 beatas

146 3100 390 3162 meruit
438 3096 680 3162 audire.
770 3095 1042 3162 Referre
1088 3106 1306 3162 autem
1351 3107 1493 3162 erat
1538 3099 1790 3182 solitus,
1854 3097 2026 3184 quod
2071 3106 2295 3183 aperte

146 3207 254 3250 eos
305 3189 481 3250 inter
526 3186 653 3251 alia
698 3207 1000 3250 resonare
1057 3187 1340 3251 audiret:
1406 3187 1623 3251 ‘Ibunt
1676 3188 1883 3251 sancti
1926 3186 2007 3251 de
2054 3187 2294 3249 uirtute

145 3275 210 3338 in
242 3275 606 3340 uirtutem'.
671 3274 760 3338 Et
789 3276 1052 3339 iterum:
1103 3275 1183 3339 ‘V
1186 3275 1467 3340 idebitur
1511 3275 1667 3340 deus
1699 3273 1964 3339 deorum
1994 3277 2061 3338 in
2092 3271 2291 3339 Sion'.

146 3360 277 3439 Qui
341 3362 647 3429 reductus
694 3366 760 3427 in
808 3385 1104 3450 corpore,
1165 3374 1231 3429 et
1290 3362 1395 3429 die
1458 3365 1651 3429 tertia
1710 3385 1962 3427 rursum
2025 3360 2294 3426 eductus

143 3450 314 3517 uidit
361 3475 494 3517 non
541 3452 746 3516 solum
793 3454 1038 3517 maiora
1082 3454 1418 3518 beatorum
1466 3453 1722 3537 gaudia,
1771 3451 1885 3516 sed
1916 3459 1982 3516 et
2010 3452 2297 3516 maxima

145 3542 587 3626 malignorum
647 3543 987 3628 spirituum
1051 3543 1436 3624 certamina,
1498 3543 1608 3628 qui
1656 3541 1897 3606 crebris
1944 3542 2293 3605 accusatio-

144 3629 340 3694 nibus
386 3631 644 3718 inprobi
690 3633 816 3694 iter
847 3629 940 3695 illi
994 3631 1270 3696 caeleste
1316 3629 1747 3695 intercludere
1794 3629 2291 3714 contendebant3

145 3739 267 3784 nec
291 3728 536 3802 tamen,
585 3720 1075 3805 protegentibus
1108 3742 1252 3784 eum
1293 3719 1561 3803 angelis,
1612 3721 1958 3806 quicquam
2003 3717 2295 3805 proficie-

147 3804 329 3873 bant.
427 3808 536 3873 De
583 3808 813 3894 quibus
860 3809 1155 3873 omnibus
1203 3809 1371 3894 siqui
1434 3809 1687 3895 plenius
1748 3809 1910 3874 scire
1972 3807 2141 3892 uult,
2204 3805 2294 3889 (id

145 3905 274 3980 est,
345 3906 590 3984 quanta
649 3896 890 3962 fraudis
951 3898 1232 3962 sollertia
1290 3897 1638 3963 daemones
1688 3908 1755 3963 et
1800 3908 1983 3963 actus
2045 3898 2179 3961 eius
2227 3905 2293 3959 et
