2723 4326
425 198 551 262 106
2267 199 2364 253 111.
2404 200 2571 255 2—3.

420 372 569 439 dem
608 383 870 439 sanctae
917 375 1124 438 crucis
1169 374 1517 439 ascendere
1564 374 1973 462 disposuisse,
2020 378 2297 461 rogauit,
2344 385 2417 441 ut
2448 378 2571 441 ali·

420 487 615 551 quam
647 463 770 529 sibi
800 472 1053 550 partem
1085 462 1166 527 de
1196 463 1305 528 illo
1337 462 1515 548 ligno
1551 464 1907 529 uenerabili
1951 462 2207 530 rediens
2253 464 2567 549 adferret,

420 551 684 618 credere
716 575 786 617 se
817 550 1055 639 dicens,
1106 553 1257 638 quia
1287 575 1405 639 per
1437 552 1579 633 hoc,
1628 552 1909 618 donante
1955 551 2234 640 domin0,
2285 555 2569 621 salutem

416 650 636 729 posset
682 643 1003 728 consequi.
1099 640 1286 706 Fecit
1333 641 1470 725 isse,
1505 651 1604 719 ,ut
1649 650 1914 726 rogatus
1964 652 2089 727 est,
2149 652 2216 708 et
2260 666 2567 709 reuersus

418 732 502 797 ad
546 753 913 818 uesperam,
977 730 1350 797 sedentibus
1395 733 1527 805 iam
1571 730 1655 796 ad
1700 754 1991 796 mensam
2050 731 2387 817 fratribus,
2450 734 2566 798 ob·

417 821 568 886 tulit
615 823 676 885 ei
739 821 984 906 aliquid
1044 818 1124 885 de
1187 821 1397 885 ueteri
1455 842 1706 903 musco,
1778 842 1906 907 quo
1968 819 2337 909 superficies
2397 821 2569 907 ligni

419 919 557 975 erat
618 909 844 975 obsita.
939 907 1069 987 Qui
1118 932 1262 974 cum
1327 909 1556 975 sedens
1615 910 1698 974 ad
1756 931 2045 974 mensam
2102 932 2234 975 non
2291 910 2569 977 haberet

419 998 501 1063 ad
547 1021 829 1081 manum,
875 1000 987 1063 ubi
1033 998 1318 1063 oblatum
1367 998 1491 1063 sibi
1534 1020 1764 1064 munus
1810 1010 2170 1086 reponeret,
2217 1002 2393 1065 misit
2437 1002 2569 1067 hoc

418 1090 486 1153 in
533 1090 743 1152 sinum
790 1088 932 1153 sibi.
1009 1088 1099 1152 Et
1143 1085 1296 1152 dum
1343 1089 1471 1153 iret
1516 1088 1825 1171 cubitum,
1874 1088 2109 1154 oblitus
2156 1089 2278 1153 hoc
2321 1091 2568 1155 alicubi

418 1176 770 1264 deponere,
836 1178 1128 1263 permisit
1187 1199 1301 1242 suo
1359 1178 1428 1241 in
1489 1178 1635 1242 sinu
1696 1199 2097 1263 permanere.
2188 1178 2282 1242 At
2342 1179 2566 1245 medio

416 1269 624 1332 noctis
670 1275 981 1352 tempore,
1032 1287 1179 1329 cum
1226 1266 1588 1351 euigilaret,
1639 1268 1835 1331 sensit
1883 1269 2099 1331 nescio
2137 1265 2291 1353 quid
2336 1268 2568 1354 frigidi

419 1378 534 1419 suo
563 1356 752 1419 lateri
783 1353 1098 1436 adiacere,
1141 1355 1529 1441 admotaque
1560 1378 1755 1421 manu
1785 1358 2131 1442 requirere,
2179 1355 2334 1443 quid
2367 1368 2565 1444 esset,

418 1446 510 1509 ita
555 1466 783 1509 sanum
829 1443 1166 1509 brachium
1211 1466 1601 1530 manumque
1645 1448 1953 1531 repperit,
2000 1468 2078 1511 ac
2122 1447 2177 1509 si
2222 1445 2379 1511 nibil
2419 1470 2570 1511 um-

417 1556 613 1620 quam
659 1535 825 1598 tanti
869 1533 1197 1617 languoris
1243 1532 1593 1599 habuisset.

1452 1766 1511 1829 3.

417 1922 498 1979 Vt
534 1922 696 1977 idem
732 1936 846 1977 rex
881 1922 1208 1991 postulans
1247 1921 1320 1977 de
1358 1922 1545 1990 gente
1587 1920 1942 1978 Scottorum
1974 1922 2349 1992 antistitem,
2388 1938 2567 1981 acce-

419 2009 592 2079 perit
646 2010 980 2080 Aidanum,
1039 2011 1356 2080 eidemque
1413 2010 1479 2066 in
1534 2010 1744 2067 insula
1798 2011 2299 2069 Liadisfarnensi
2355 2014 2571 2069 sedem

1095 2099 1492 2170 episcopatus
1530 2099 1883 2156 donauerit.

593 2244 780 2311 Idem
827 2268 985 2330 ergo
1035 2243 1312 2330 Osuald,
1361 2268 1516 2309 mox
1559 2246 1673 2310 ubi
1716 2267 1991 2330 regnum
2037 2247 2346 2333 suscepit,
2396 2246 2571 2312 desi-

417 2336 650 2400 derans
694 2344 921 2416 totam,
970 2335 1075 2399 cui
1119 2356 1420 2421 praeesse
1467 2338 1697 2420 coepit,
1746 2344 2008 2419 gentem
2053 2334 2206 2400 fidei
2252 2335 2569 2401 Christia-

417 2447 538 2490 nae
600 2425 817 2509 gratia
874 2423 1081 2506 inbui,
1145 2426 1325 2488 cuius
1387 2427 1829 2510 experimenta
1887 2426 2289 2510 permaxima
2333 2427 2401 2490 in
2447 2448 2563 2490 ex-

461 2515 778 2599 ugnandis
839 2513 1133 2578 barbaris
1194 2514 1323 2576 iam
1386 2522 1673 2600 ceperat,
1735 2514 1909 2578 misit
1954 2514 2037 2578 ad
2080 2515 2357 2579 maiores
2401 2524 2567 2580 natu

469 2612 806 2686 cottorum,
852 2604 1020 2667 inter
1053 2623 1212 2687 quos
1244 2602 1511 2666 exulans
1542 2603 1681 2687 ipse
1711 2602 2123 2689 baptismatis
2154 2613 2567 2670 sacramenta

212 2768 218 2778 Ι
308 2751 315 2758 ,
415 2714 562 2757 cum
628 2691 754 2775 his,
827 2693 936 2778 qui
996 2712 1212 2755 secum
1275 2699 1489 2775 erant,
1566 2691 1877 2756 militibus
1948 2702 2324 2758 consecutus
2385 2703 2559 2777 erat3

415 2792 658 2867 petens,
708 2789 782 2844 ut
827 2780 950 2844 sibi
995 2780 1358 2845 mitteretur
1404 2781 1695 2864 antistes,
1746 2782 1927 2845 cuius
1974 2780 2267 2847 doctrina
2314 2803 2390 2846 ac
2435 2784 2561 2846 mi-

414 2870 680 2933 nisterio
727 2890 914 2953 gens,
963 2891 1157 2954 quam
1202 2866 1503 2954 regebat,
1550 2867 1940 2955 Anglorum,
2006 2869 2361 2934 dominicae
2406 2869 2566 2936 fidei

416 2968 484 3023 et
529 2958 700 3023 dona
745 2956 1045 3042 disceret,
1110 2967 1174 3022 et
1235 2960 1592 3045 susciperet
1652 2967 2072 3024 sacramenta.
2166 2957 2399 3045 Neque
2446 2961 2566 3025 ali-

416 3055 658 3134 quanto
704 3047 980 3130 tardius,
1045 3044 1216 3132 quod
1261 3049 1479 3134 petiit,
1543 3048 1917 3134 inpetrauit:
1981 3050 2233 3134 accepit
2276 3070 2567 3136 namque

415 3136 787 3223 pontificem
849 3134 1188 3201 Aeclanum
1251 3158 1542 3201 summac
1600 3134 2109 3202 mansuetudinis
2168 3147 2233 3202 et
2294 3140 2564 3225 pietatis

413 3249 491 3290 ac
537 3224 990 3290 moderaminis
1038 3227 1270 3310 uirum,
1318 3224 1795 3311 habentemque
1842 3227 2054 3291 zelum
2086 3225 2208 3309 dei,
2257 3230 2565 3312 quamuis

413 3338 540 3379 non
585 3316 774 3402 plene
829 3313 1180 3381 secundum
1238 3314 1593 3382 scientiam.
1686 3313 1991 3401 Namque
2047 3313 2219 3379 diem
2270 3315 2563 3404 paschae

414 3404 805 3469 dominicum
859 3426 1037 3469 more
1083 3425 1236 3468 suae
1297 3405 1545 3487 gentis,
1607 3405 1786 3467 cuius
1846 3405 2101 3490 saepius
2160 3407 2563 3470 mentionem

414 3493 705 3578 fecimus,
756 3515 794 3556 a
825 3490 1062 3558 XIIII*
1106 3492 1258 3556 luna
1303 3514 1506 3578 usque
1537 3490 1620 3556 ad
1648 3491 1843 3557 XX⁸¹¹¹
1891 3494 2239 3559 obseruare
2286 3494 2557 3561 solebat.

413 3582 562 3647 Hoc
609 3583 844 3646 etenim
891 3580 1113 3646 ordine
1161 3581 1675 3668 septentrionalis
1708 3578 2081 3647 Scottorum
2125 3585 2458 3668 prouincia
2490 3595 2563 3650 et

415 3670 621 3734 omnis
665 3672 842 3735 natio
889 3669 1216 3735 Pictorum
1249 3669 1358 3734 illo
1398 3668 1608 3734 adhuc
1652 3679 1945 3758 tempore
1991 3671 2235 3758 pascha
2279 3671 2563 3762 domini-

414 3781 564 3823 cum
610 3758 1008 3843 celebrabat,
1059 3761 1405 3823 aestimans
1454 3782 1521 3824 se
1565 3760 1634 3824 in
1680 3759 1802 3824 hac
1850 3760 2302 3826 obseruatione
2350 3765 2562 3827 sancti

414 3870 492 3912 ac
537 3847 726 3912 laude
773 3847 952 3932 digni
997 3851 1196 3935 patris
1243 3847 1531 3912 Anatolii
1577 3851 1819 3936 scripta
1864 3859 2169 3916 secutam.
2235 3848 2425 3928 Quod
2474 3875 2562 3916 an
