2723 4326
426 204 466 266 6
2424 203 2468 256 Ι.
2508 204 2557 259 1.

425 375 680 442 diuersi.
760 378 1006 442 Fluuiis
1039 400 1292 463 quoque
1339 378 1613 442 multum
1654 380 1917 465 piscosis
1948 403 2025 445 ac
2055 380 2339 444 fontibus
2372 402 2559 465 prae-

425 468 600 531 clara
664 469 968 554 copiosis,
1032 477 1097 532 et
1161 465 1422 553 quidem
1484 470 1831 554 praecipue
1887 470 2099 533 issicio
2154 469 2443 534 abundat
2490 479 2558 534 et

425 555 729 641 anguilla.
807 556 1166 642 Capiuntur
1210 565 1425 622 autem
1473 559 1847 643 saepissime
1886 568 1950 622 et
1994 559 2181 621 uituli
2224 559 2460 623 marini
2491 568 2559 623 et

423 644 773 731 delphines,
821 667 942 710 nec
987 667 1115 710 non
1162 654 1227 710 et
1271 644 1611 711 balaenae:
1662 649 1948 733 exceptis
1995 649 2320 712 uariorum
2359 668 2555 732 gene-

420 735 600 799 ribus
646 733 1156 819 conchyliorum:
1221 736 1287 798 in
1333 735 1565 820 quibus
1614 745 1759 800 sunt
1806 745 1869 800 et
1914 737 2269 820 musculae,
2320 737 2555 822 quibus

421 823 736 888 inclusam
769 845 963 909 saepe
994 824 1414 909 margaritam
1450 826 1654 890 omnis
1687 823 1949 910 quidem
1982 825 2209 890 coloris
2242 827 2557 912 optimam

421 914 777 996 inueniunt,
825 912 892 976 id
939 923 1038 978 est
1083 922 1147 977 et
1193 913 1532 996 rubicundi
1580 922 1646 978 et
1692 915 1996 1000 purpurei
2044 924 2109 979 et
2152 915 2442 978 iacintini
2489 924 2558 979 et

422 1001 685 1088 prasini,
729 999 839 1066 sed
871 1003 1153 1066 maxime
1184 1000 1459 1066 candidi.
1524 1000 1690 1068 Sunt
1722 1011 1786 1066 et
1820 1002 2118 1068 cochleae
2150 1005 2304 1067 satis
2337 1025 2558 1089 super-

422 1112 545 1176 que
578 1089 996 1174 abundanteS,
1041 1091 1272 1177 quibus
1304 1093 1585 1156 tinctura
1616 1093 1899 1156 coccinei
1930 1093 2160 1157 coloris
2192 1091 2551 1176 conficitur,

422 1181 601 1244 cuius
632 1180 829 1244 rubor
859 1180 1323 1266 pulcherrimus
1353 1178 1527 1244 nullo
1565 1201 1873 1266 umquam
1904 1182 2055 1246 solis
2087 1181 2337 1262 ardore,
2378 1181 2559 1246 nulla

420 1269 594 1334 ualet
640 1268 1002 1354 pluuiarum
1047 1270 1284 1334 iniuria
1327 1268 1702 1355 pallescere:
1753 1269 1866 1335 sed
1914 1292 2039 1356 quo
2085 1273 2397 1335 uetustior
2435 1279 2553 1352 est,

422 1380 498 1422 eo
546 1356 708 1422 solet
754 1379 895 1423 esse
941 1360 1291 1425 uenustior.
1386 1357 1606 1422 Habet
1650 1357 1860 1424 fontes
1916 1360 2291 1444 salinarum,
2356 1357 2556 1424 habet

421 1455 488 1512 et
532 1446 744 1512 fontes
791 1446 1051 1526 calidos,
1097 1457 1161 1511 et
1207 1469 1289 1512 ex
1335 1449 1426 1511 eis
1473 1445 1704 1511 fluuios
1753 1447 2148 1513 balinearum
2198 1447 2553 1513 calidarum

421 1535 594 1599 omni
638 1537 836 1601 aetati
884 1546 949 1601 et
993 1536 1176 1601 sexui
1219 1559 1336 1622 per
1369 1536 1671 1601 distincta
1701 1536 1843 1602 loca
1887 1539 2069 1602 iuxta
2102 1560 2288 1602 suum
2321 1539 2555 1622 cuique

420 1623 684 1688 modum
743 1624 1207 1691 accommodos.
1300 1624 1496 1710 Aqua
1557 1627 1757 1708 enim,
1818 1635 1890 1690 ut
1954 1636 2212 1691 sanctus
2271 1625 2554 1690 Basilius

420 1711 516 1800 (in
545 1713 946 1778 hexaemeron
975 1713 1183 1780 homil.
1218 1709 1288 1799 4)
1322 1712 1496 1797 dicit,
1543 1713 1863 1785 feruidam
1895 1716 2270 1801 qualitatem
2299 1716 2552 1801 recipit,

419 1825 566 1867 cum
625 1825 741 1888 per
786 1813 966 1868 certa
1025 1802 1342 1889 quaedam
1401 1803 1661 1870 metalla
1722 1805 2130 1889 transcurrit,
2198 1815 2261 1870 et
2304 1802 2379 1868 fit
2421 1825 2555 1867 non

419 1891 625 1956 solum
686 1890 920 1977 calida,
988 1890 1098 1956 sed
1160 1902 1224 1957 et
1283 1890 1534 1960 ardens.
1628 1889 1814 1970 Quae
1860 1895 2055 1958 etiam
2104 1895 2282 1958 uenis
2328 1893 2553 1957 metal-

418 1980 654 2062 lorum,
710 1982 906 2064 aeris,
967 1981 1123 2046 ferri
1169 1990 1235 2045 et
1282 1980 1529 2066 plumbi
1576 1991 1640 2046 et
1684 1984 1967 2066 argenti,
2022 1981 2295 2047 fecunda
2340 1984 2556 2068 gignit

421 2077 485 2134 et
530 2067 811 2154 lapidem
871 2080 1177 2155 gagatem
1236 2071 1582 2156 plurimum
1642 2073 2113 2158 optimumque:
2180 2080 2276 2135 est
2336 2082 2553 2136 autem

417 2159 938 2243 nigrogemmeus
1003 2169 1068 2224 et
1131 2158 1361 2225 ardens
1437 2160 1574 2245 igni
1652 2159 1976 2246 admotus,
2055 2162 2353 2227 incensus
2422 2184 2554 2225 ser·

417 2257 646 2334 pentes
705 2248 916 2334 fugat,
979 2249 1220 2314 adtritu
1275 2248 1622 2313 calefactus
1678 2252 1987 2337 applicita
2041 2248 2287 2315 detinet
2341 2273 2550 2336 aeque

417 2346 491 2401 ut
537 2338 844 2403 sucinum.
909 2338 1072 2403 Erat
1118 2347 1182 2402 et
1229 2339 1597 2403 ciuitatibus
1644 2340 1965 2423 quondam
2011 2340 2243 2424 uiginti
2291 2348 2357 2403 et
2404 2348 2550 2403 octo

417 2426 827 2491 nobilissimis
894 2429 1200 2512 insignita
1276 2442 1535 2514 praeter
1603 2427 1865 2493 castella
1932 2431 2302 2510 innumera,
2383 2450 2551 2513 quae

419 2525 484 2579 et
537 2518 679 2602 ipsa
735 2517 960 2599 muris,
1021 2516 1332 2601 turribus,
1398 2518 1601 2602 portis
1656 2538 1731 2579 ac
1788 2519 1945 2580 seris
2000 2525 2182 2580 erant
2235 2518 2553 2582 instructa

417 2603 819 2672 firmissimis.

594 2693 680 2758 Et
726 2694 876 2779 quia
920 2716 1122 2779 prope
1169 2694 1286 2758 sub
1335 2696 1474 2779 ipso
1522 2691 2009 2779 septentrionali
2048 2694 2292 2757 uertice
2324 2693 2550 2759 mundi

417 2782 613 2861 iacet,
676 2781 920 2846 lucidas
983 2791 1229 2849 aestate
1275 2791 1497 2847 noctes
1549 2780 1773 2865 habet:
1840 2782 1933 2844 ita
1975 2790 2047 2845 ut
2095 2781 2307 2847 medio
2354 2804 2551 2868 saepe

416 2879 707 2957 tempore
749 2872 956 2935 noctis
1003 2873 1071 2936 in
1115 2872 1557 2958 quaestionem
1601 2872 1820 2935 ueniat
1864 2871 2282 2955 intuentibus,
2330 2880 2549 2935 utrum

418 2959 861 3045 crepusculum
923 2958 1130 3025 adhuc
1187 2969 1563 3048 permaneat
1608 2960 2075 3046 uespertinum,
2134 2982 2217 3025 an
2263 2963 2392 3025 iam
2440 2959 2550 3024 ad·

415 3050 670 3113 uenerit
729 3050 1143 3134 matutinum,
1210 3059 1433 3137 utpote
1478 3058 1789 3114 nocturno
1836 3050 1969 3113 sole
2016 3070 2145 3115 non
2190 3050 2381 3133 longe
2428 3048 2549 3114 sub

416 3140 611 3203 terris
656 3138 740 3203 ad
786 3140 1102 3204 orientem
1145 3138 1457 3204 Boreales
1504 3160 1619 3225 per
1672 3140 1899 3225 plagas
1964 3136 2309 3205 redeunte:
2376 3136 2548 3204 unde

417 3228 612 3292 etiam
674 3227 989 3313 plurimae
1046 3228 1465 3313 longitudinis
1524 3227 1722 3293 habet
1770 3226 1908 3293 dies
1952 3237 2219 3312 aestate,
2270 3230 2435 3292 sicut
2484 3238 2550 3292 et

415 3326 639 3382 noctes
685 3326 909 3383 contra
963 3318 1029 3380 in
1073 3316 1330 3402 bruma,
1397 3317 1527 3382 sole
1588 3319 1893 3381 nimirum
1951 3326 2104 3381 tunc
2151 3316 2433 3401 Libycas
2481 3318 2550 3381 in

416 3414 632 3491 partes
679 3405 1038 3487 secedente,
1101 3403 1166 3469 id
1215 3416 1314 3471 est
1358 3405 1663 3471 horarum
1709 3406 1931 3471 decem
1980 3415 2043 3469 et
2089 3404 2291 3471 VIII:
2354 3405 2549 3491 pluri-

415 3514 562 3559 mae
606 3495 760 3559 item
807 3494 1144 3560 breuitatis
1172 3505 1395 3561 noctes
1432 3504 1680 3560 aestate
1713 3505 1777 3559 et
1809 3495 1943 3560 dies
1975 3493 2169 3559 habet
2199 3497 2267 3560 in
2297 3494 2547 3577 bruma,

415 3580 536 3647 hoc
607 3593 704 3647 est
764 3583 863 3648 VI
921 3584 1316 3649 solummodo
1381 3584 1942 3671 aequinoctialium
2005 3581 2337 3667 horarum3
2402 3604 2551 3647 cum

415 3674 483 3737 in
528 3669 862 3755 Armenia,
908 3670 1318 3758 Macedonia,
1366 3674 1558 3738 Italia
1602 3675 1960 3758 ceterisque
2008 3672 2295 3737 eiusdem
2341 3670 2550 3735 lineae

415 3760 782 3845 regionibus
818 3762 1196 3846 longissima
1227 3760 1365 3828 dies
1397 3764 1532 3828 siue
1563 3784 1691 3826 nox
1722 3761 1874 3844 XV,
1924 3760 2309 3826 breuissima
2341 3758 2552 3825 VIIII

417 3851 735 3936 compleat
779 3850 986 3917 horas·
