2723 4326
383 187 512 250 204
2264 183 2389 237 1111.
2427 183 2523 238 23.

1306 401 1391 463 23
1466 400 1545 462 21
1582 449 1595 460 .

821 521 911 576 De
948 519 1084 576 uita
1122 520 1187 576 et
1223 519 1401 576 obitu
1438 395 1661 575 llildac
1698 519 2075 575 abbatissae.

561 627 752 692 Anno
808 637 955 716 post
1015 626 1184 693 hunc
1245 637 1581 714 sequente,
1630 627 1753 693 hoc
1801 636 1899 692 est
1945 649 2113 691 anno
2161 624 2525 690 dominicae

385 718 839 781 incarnationis
885 716 1068 782 DC¹¹¹⁰
1099 711 1450 799 LXXXM,
1496 717 1981 800 religiosissima
2004 713 2246 779 Christi
2276 714 2528 779 famula

386 803 564 887 Hild,
613 805 940 870 abbatissa
985 808 1382 889 monasterii,
1436 807 1605 892 quod
1662 806 1895 870 dicitur
1927 803 2402 887 Strenaeshalc,
2448 813 2527 867 ut

386 917 580 982 supra
623 896 1007 978 rettulimus,
1054 905 1201 981 post
1247 895 1482 978 multa,
1541 917 1706 982 quae
1751 895 1907 960 fecit
1950 895 2017 958 in
2065 895 2269 968 terris,
2321 914 2528 980 opera

386 983 710 1068 caelestia,
759 983 841 1047 ad
885 982 1302 1072 percipienda
1348 987 1637 1069 praemia
1681 986 1857 1048 uitae
1890 983 2185 1048 caelestis
2218 981 2299 1048 de
2330 983 2527 1046 terris

387 1071 602 1137 ablata
647 1073 946 1137 transiuit
990 1074 1093 1137 die
1139 1069 1292 1141 XV.
1339 1071 1786 1138 Kalendarum
1832 1071 2313 1154 Decembrium,
2373 1091 2527 1135 cum

388 1171 557 1226 esset
632 1183 947 1226 annorum
1023 1159 1287 1225 LXVI:
1368 1161 1600 1248 quibus
1676 1184 1885 1248 aequa
1929 1162 2226 1248 portione
2274 1159 2526 1242 diuisis,

387 1249 700 1315 XXXIII
745 1252 984 1336 primos
1040 1252 1107 1314 in
1166 1250 1483 1315 saeculari
1540 1249 1765 1315 habitu
1809 1249 2206 1315 nobilissime
2254 1270 2524 1313 conuer-

387 1347 528 1404 sata
575 1340 922 1425 compleuit
968 1347 1032 1402 et
1070 1337 1340 1404 totidem
1373 1349 1710 1426 sequentes
1740 1339 2015 1404 nobilius
2046 1341 2113 1403 in
2142 1336 2529 1402 monachica

386 1429 523 1491 uita
569 1426 827 1492 domino
875 1430 1292 1493 consecrauit.
1384 1427 1558 1493 Nam
1605 1438 1670 1494 et
1713 1428 1945 1494 nobilis
1990 1437 2147 1492 natu
2192 1437 2350 1510 erat,
2400 1424 2527 1490 hoc

390 1524 486 1580 est
539 1514 670 1580 filia
734 1517 983 1603 nepotis
1042 1515 1282 1581 Eduini
1345 1520 1519 1602 regis
1586 1517 1899 1583 uocabulo
1958 1517 2291 1582 Hererici:
2373 1537 2526 1579 cum

390 1626 515 1691 quo
563 1607 759 1670 etiam
806 1627 980 1689 rege,
1029 1603 1112 1670 ad
1141 1605 1688 1693 praedicationem
1719 1606 1952 1672 beatae
1983 1606 2331 1671 memoriae
2352 1605 2523 1668 Pau-

388 1694 502 1757 lini
552 1696 746 1782 primi
789 1693 1501 1781 Nordamhymbrorum
1564 1697 1876 1783 episcopi,
1932 1692 2127 1758 fidem
2182 1704 2245 1758 et
2310 1716 2525 1757 sacra-

390 1792 608 1848 menta
668 1781 909 1848 Christi
968 1787 1252 1870 suscepit
1311 1795 1505 1871 atque
1573 1784 1733 1848 haec
1750 1835 1767 1869 ,
1828 1782 2188 1870 usquedum
2239 1781 2325 1848 ad
2387 1784 2529 1847 eius

391 1873 702 1936 uisionem
746 1875 1084 1959 peruenire
1129 1875 1384 1957 meruit,
1434 1875 1821 1938 intemerata
1866 1874 2167 1937 seruauit.
2216 1889 2222 1894 ’

569 1958 752 2038 Quae
797 1983 945 2026 cum
961 2012 981 2046 ,
1028 1961 1252 2027 relicto
1299 1961 1525 2026 habitu
1568 1962 1921 2042 saeculari,
1970 1961 2064 2025 illi
2112 1961 2231 2024 soli
2277 1960 2526 2025 seruire

392 2047 800 2132 decreuisset,
827 2052 1092 2116 secessit
1121 2051 1204 2117 ad
1239 2053 1637 2138 prouinciam
1675 2048 2105 2116 Orientalium
2127 2049 2523 2134 Anglorum:

393 2146 532 2203 erat
576 2161 852 2225 namque
915 2141 1276 2227 propinqua
1333 2141 1511 2225 regis
1570 2139 1763 2224 illius,
1836 2137 2201 2204 desiderans
2269 2136 2525 2222 exinde,

387 2229 568 2314 siquo
624 2229 814 2293 modo
876 2238 1121 2315 posset,
1184 2228 1493 2294 derelicta
1547 2232 1755 2315 patria
1819 2237 1884 2293 et
1938 2229 2268 2309 omnibUS,
2327 2249 2524 2314 quae-

388 2338 660 2402 cumque
683 2316 1017 2400 habuerat,
1065 2315 1350 2382 Galliam
1394 2320 1733 2405 peruenire
1780 2326 1974 2404 atque
2020 2320 2087 2382 in
2130 2318 2527 2382 monasterio

389 2402 545 2470 Cale
591 2407 1003 2492 peregrinam
1047 2429 1165 2493 pro
1213 2406 1471 2471 domino
1517 2408 1719 2471 uitam
1765 2407 2027 2490 ducere,
2096 2427 2223 2492 quo
2270 2405 2525 2470 facilius

387 2504 768 2582 perpetuam
825 2496 893 2559 in
954 2496 1146 2559 caelis
1192 2498 1473 2582 patriam
1518 2505 1734 2582 posset
1778 2496 2033 2561 mereri.
2124 2492 2298 2560 Nam
2346 2503 2413 2559 et
2459 2496 2526 2558 in

391 2582 618 2649 eodem
662 2586 1047 2648 monasterio
1095 2606 1274 2649 soror
1320 2586 1521 2672 ipsius
1569 2583 1923 2667 Heresuid,
1984 2593 2192 2649 mater
2236 2581 2527 2648 Alduulfi

385 2674 562 2757 regis
610 2669 1043 2738 Orientalium
1109 2672 1502 2759 Anglorum,
1564 2672 1969 2758 regularibus
2024 2671 2280 2737 subdita
2339 2670 2525 2737 disci·

385 2761 595 2847 pliniS,
645 2762 782 2847 ipso
830 2770 1122 2849 tempore
1163 2784 1472 2827 coronam
1502 2762 1891 2848 expectabat
1922 2771 2291 2827 aeternam:
2342 2763 2525 2826 cuius

386 2849 708 2915 aemulata
761 2852 1128 2937 exemplum
1171 2860 1234 2915 et
1265 2853 1406 2937 ipsa
1436 2852 1766 2938 proposito
1798 2849 2251 2937 peregrinandi
2283 2871 2523 2915 annum

387 2947 594 3002 totum
638 2939 705 3002 in
750 2941 1042 3026 praefata
1071 2942 1406 3027 prouincia
1435 2949 1685 3005 retenta
1718 2949 1849 3005 est:
1899 2937 2130 3003 deinde
2160 2938 2242 3003 ab
2265 2937 2521 3003 Aidano

389 3027 694 3113 episcopo
741 3030 808 3092 in
854 3032 1130 3116 patriam
1161 3039 1464 3094 reuocata
1495 3030 1745 3115 accepit
1775 3029 1988 3093 locum
2018 3030 2205 3091 unius
2236 3027 2523 3092 familiae

387 3115 470 3179 ad
517 3117 1088 3203 septentrionalem
1118 3117 1381 3204 plagam
1411 3115 1598 3181 Viuri
1644 3116 1943 3201 fluminis,
1976 3116 2088 3180 ubi
2120 3137 2323 3202 aeque
2351 3137 2522 3180 anno

385 3226 511 3268 uno
559 3205 1004 3271 monachicam
1049 3228 1196 3271 cum
1241 3208 1583 3293 perpaucis
1630 3207 1818 3271 sociis
1863 3206 2069 3271 uitam
2114 3205 2372 3290 agebat.

561 3292 719 3358 Post
762 3293 924 3359 haec
970 3297 1144 3360 facta
1189 3305 1288 3360 est
1349 3294 1681 3360 abbatissa
1738 3296 1803 3359 in
1862 3295 2251 3359 monasterio
2261 3344 2280 3378 ,
2350 3290 2523 3379 quod

383 3390 655 3447 uocatur
698 3382 1026 3469 Heruteu3
1075 3382 1248 3471 quod
1277 3382 1581 3449 uidelicet
1611 3384 2072 3449 monasterium
2102 3382 2347 3447 factum
2382 3391 2523 3447 erat

383 3493 512 3535 non
556 3472 757 3536 multo
815 3482 964 3538 ante
1024 3496 1064 3537 a
1129 3472 1437 3557 religiosa
1482 3470 1723 3537 Christi
1782 3472 2023 3536 famula
2077 3469 2247 3535 Heiu
2267 3521 2285 3554 ,
2356 3493 2522 3557 quae

383 3561 596 3646 prima
639 3561 1027 3626 feminarum
1089 3563 1293 3626 fertur
1338 3562 1407 3625 in
1451 3562 1787 3648 prouincia
1830 3559 2521 3648 Nordanhymbrorum

382 3650 783 3734 propositum
827 3659 1203 3736 uestemque
1249 3650 1749 3714 sanctimonialis
1794 3648 2070 3733 habitus,
2103 3659 2523 3713 consecrante

385 3735 638 3801 Aidano
686 3740 1005 3825 episcopo,
1056 3740 1433 3825 suscepisse.
1542 3736 1672 3805 Sed
1731 3739 1840 3802 illa
1885 3748 2029 3826 post
2072 3759 2200 3803 non
2246 3739 2521 3803 multum

383 3832 641 3910 tempus
687 3825 842 3889 facti
889 3829 1262 3892 monasterii
1309 3829 1570 3893 secessit
1618 3827 1700 3892 ad
1757 3828 2084 3892 ciuitatem
2132 3824 2517 3909 Calcariam,
