2723 4326
24 195 26 278 ζ
147 207 180 259 1.
219 207 456 262 27—28.
495 161 528 198 ἓ
833 193 839 198 ’
2199 212 2287 276 49

143 386 396 469 ligatur·
411 385 674 469 inuitus,
721 396 793 450 ut
826 388 886 452 ei
918 409 1000 451 ex
1029 387 1283 450 ratione
1315 383 1736 469 contradicat,
1783 409 1866 452 ne
1899 392 2283 474 consentiat3

145 484 202 538 et
247 484 478 539 tamen
524 472 948 541 delectatione
1007 476 1248 559 ligatus
1304 477 1417 558 sit,
1486 475 1600 540 sed
1661 476 1936 561 ligatum
1982 500 2052 542 se
2097 478 2287 543 uehe-
2351 528 2359 536 .

143 573 394 628 menter
437 565 842 647 ingemiscat.
907 562 1100 630 Vnde
1137 575 1202 629 et
1233 564 1342 628 ille
1389 564 1682 630 caelestis
1732 568 2051 631 exercitus
2096 590 2287 653 prae-

143 655 366 739 cipuus
414 653 602 718 miles
648 655 951 739 gemebat
997 654 1216 719 dicens
1262 653 1470 739 (Rom.
1523 656 1583 737 7,
1620 654 1764 741 23):
1816 653 2046 720 ‘Video
2092 657 2286 721 aliam

141 742 354 827 legem
401 744 474 806 in
517 744 826 808 membris
873 745 1035 808 meis
1082 753 1555 828 repugnantem
1610 744 1743 829 legi
1806 746 2040 810 mentis
2104 768 2287 811 meae

144 841 202 894 et
248 833 584 916 captiuum
643 854 749 897 me
804 832 1150 898 ducentem
1195 835 1264 896 in
1309 833 1458 916 lege
1517 836 1795 919 peccati,
1864 857 2030 920 quae
2078 844 2175 900 est
2220 836 2289 899 in

146 921 451 984 membris
524 922 727 986 meis'.
821 920 895 988 Si
952 931 1172 986 autem
1240 925 1537 1008 captiuus
1604 932 1777 1008 erat,
1854 925 2119 988 minime
2175 946 2289 1009 pu-

145 1010 421 1093 gnabat3
472 1008 585 1074 sed
634 1020 697 1075 et
740 1011 1104 1097 pugnabat:
1154 1019 1549 1098 quapropter
1596 1022 1660 1076 et
1706 1014 2000 1099 captiuus
2033 1021 2174 1077 erat
2222 1022 2287 1077 et

152 1097 487 1183 pugnabat
532 1101 730 1184 igitur
774 1101 909 1185 legi
961 1101 1223 1184 mentis,
1291 1103 1395 1164 cui
1457 1101 1592 1184 lex,
1660 1124 1824 1188 quae
1871 1104 1934 1166 in
1980 1101 2287 1166 membris

149 1197 256 1270 est,
303 1189 734 1273 repugnabat.
822 1187 895 1256 Si
942 1198 1161 1254 autem
1207 1190 1560 1275 pugnabat,
1611 1193 1905 1278 captiuus
1952 1213 2079 1256 non
2127 1199 2283 1255 erat.

147 1276 312 1342 Ecce
361 1278 584 1363 itaque
631 1276 823 1343 homo
874 1287 991 1362 est,
1040 1287 1113 1342 ut
1153 1279 1245 1342 ita
1291 1278 1587 1363 dixerim,
1638 1283 1933 1367 captiuus
1980 1289 2046 1346 et
2091 1279 2285 1364 liber3

147 1364 301 1430 liber
350 1389 434 1432 ex
481 1368 760 1452 iustitia,
828 1390 1022 1453 quam
1070 1367 1308 1453 diligit,
1372 1370 1666 1454 captiuus
1714 1391 1797 1434 ex
1843 1367 2284 1453 delectatione,

152 1476 333 1540 quam
389 1465 610 1541 portat
655 1458 914 1525 inuitus.

1163 1688 1268 1751 28.

165 1843 238 1898 vt
273 1855 434 1914 papa
475 1842 818 1912 Gregorius
873 1844 1208 1915 epistulam
1245 1844 1602 1901 Arelatensi
1659 1845 1981 1915 eplscopo,
2032 1861 2149 1916 pro
2189 1847 2291 1902 ad·

475 1933 747 1988 iuuando
785 1933 851 1989 In
893 1949 1080 2004 opere
1120 1934 1220 1990 dei
1259 1935 1647 2002 Augustino,
1688 1935 1958 1990 miserit.

319 2077 678 2165 Hucusque
721 2080 1171 2166 responsiones
1218 2079 1395 2144 beati
1440 2101 1649 2167 papae
1681 2076 1988 2166 Gregorii
2020 2079 2102 2144 ad
2136 2100 2283 2144 con·

156 2166 312 2231 sulta
357 2169 870 2236 reuerentissimi
917 2170 1220 2234 antistitis
1265 2166 1635 2253 Augustini.
1698 2168 2060 2256 Epistulam
2105 2192 2281 2253 uere,

155 2276 337 2339 quam
403 2279 476 2321 se
537 2255 908 2324 Arelatensi
976 2260 1277 2345 episcopo
1347 2258 1579 2324 fecisse
1647 2267 2132 2343 commemorat,
2199 2258 2285 2323 ad

155 2343 514 2429 Vergilium
560 2345 856 2412 Aetherii
905 2370 1337 2413 successorem
1384 2346 1678 2432 dederat3
1727 2350 1907 2413 cuius
1951 2347 2112 2412 haec
2156 2346 2285 2411 for-

153 2456 248 2498 ma
295 2445 428 2499 est:

320 2524 887 2589 ‘Reuerentissimo
934 2533 1001 2589 et
1046 2526 1451 2590 sanctissimo
1496 2525 1685 2590 fratri
1734 2524 2025 2611 Vergilio
2073 2525 2286 2610 coepi-

152 2634 334 2699 scopo
383 2611 746 2698 Gregorius
793 2636 1018 2679 seruus
1064 2638 1398 2680 seruorum
1444 2614 1567 2679 dei.

319 2700 616 2779 Quantus
662 2704 746 2766 sit
791 2702 1062 2767 affectus
1105 2704 1517 2769 uenientibus
1564 2712 1789 2789 sponte
1827 2703 2133 2768 fratribus
2163 2703 2284 2767 im-·

153 2788 540 2875 pendendus,
590 2813 672 2855 ex
717 2812 813 2875 e0,
864 2791 1033 2877 quod
1078 2794 1458 2879 plerumque
1507 2792 1711 2857 solent
1758 2793 2045 2858 caritatis
2092 2814 2284 2857 causa

153 2880 434 2964 inuitari,
505 2882 934 2964 cognoscitur.
1025 2880 1114 2945 Et
1178 2882 1351 2967 ideo,
1423 2881 1478 2945 si
1544 2903 1949 2947 communem
2014 2882 2285 2947 fratrem

153 2966 586 3053 Augustinum
633 2970 1003 3056 episcopum
1033 2968 1116 3034 ad
1145 2993 1262 3035 uos
1298 2973 1521 3036 uenire
1569 2972 1933 3055 contigerit,
1982 2972 2075 3035 ita
2104 2971 2282 3035 illum

153 3055 402 3123 dilectio
447 3067 695 3143 uestra,
754 3059 921 3123 sicut
966 3058 1179 3143 decet,
1237 3059 1589 3125 affectuose
1636 3059 2039 3145 dulciterque
2086 3060 2283 3125 susci-

153 3146 308 3230 piat,
363 3155 436 3211 ut
469 3156 533 3211 et
564 3149 778 3232 ipsum
809 3148 1258 3214 consolationis
1291 3171 1446 3214 suae
1476 3149 1642 3213 bono
1682 3148 1975 3214 refoueat
2006 3156 2073 3213 et
2102 3148 2283 3232 alios,

155 3236 425 3318 qualiter
470 3235 759 3301 fraterna
804 3239 1039 3301 caritas
1086 3237 1353 3303 colenda
1386 3240 1488 3322 sit,
1536 3237 1785 3303 doceat.
1848 3236 1936 3301 Et
1982 3238 2284 3322 quoniam

156 3326 400 3410 saepius
447 3325 684 3408 euenit,
731 3333 803 3389 ut
835 3325 920 3410 hi,
971 3328 1083 3412 qui
1112 3328 1306 3411 longe
1349 3336 1497 3392 sunt
1541 3328 1751 3414 positi,
1798 3328 1977 3412 prius
2007 3325 2090 3390 ab
2122 3326 2282 3410 aliia,

155 3432 308 3495 quae
342 3422 492 3478 sunt
537 3414 958 3499 emendanda,
1007 3427 1424 3501 cognoscant:
1475 3417 1690 3502 siquas
1734 3414 2008 3480 fortasse
2054 3413 2282 3479 frater-

155 3501 334 3566 nitati
397 3510 656 3568 uestrae
719 3502 1125 3570 sacerdotum
1184 3505 1291 3570 uel
1351 3506 1622 3570 aliorum
1688 3504 1909 3591 culpas
1975 3504 2284 3587 intulerit,

157 3609 274 3653 una
317 3614 469 3656 cum
515 3613 593 3656 οο
639 3591 995 3659 residentes
1052 3595 1271 3659 subtili
1326 3603 1559 3660 cuncta
1602 3593 2098 3677 inuestigatione
2145 3615 2287 3680 per-

159 3679 400 3763 quirite,
452 3690 517 3745 et
563 3682 655 3745 ita
700 3703 815 3746 uos
855 3683 922 3747 in
955 3704 1050 3767 ea,
1101 3706 1266 3769 quae
1313 3682 1505 3748 deum
1553 3682 1904 3766 offendunt,
1953 3692 2019 3747 et
2049 3682 2135 3747 ad
2161 3684 2287 3747 ira-

161 3767 449 3834 cundiam
493 3779 870 3857 prouocant,
920 3769 1245 3837 districtos
1276 3796 1354 3837 ac
1380 3772 1685 3838 sollicitos
1733 3770 2053 3857 exhibete,
2101 3781 2174 3837 ut
2203 3770 2285 3836 ad

161 3854 417 3922 aliorum
466 3857 983 3925 emendationem
1033 3871 1097 3927 et
1141 3861 1431 3928 uindicta
1487 3861 1872 3947 culpabilem
1900 3861 1907 3867 ’
1931 3862 2152 3945 feriat,
2222 3868 2289 3925 et

308 3982 490 4023 nassae
516 3983 625 4024 hist.
654 3984 765 4025 eccl.
1932 3970 1969 4024 4
