2723 4326
177 202 272 253 ΙΙΙ.
311 202 536 257 23-24.
2186 206 2316 271 143

352 378 558 445 Dedit
585 390 803 445 autem
835 380 1170 466 episcopus
1201 379 1561 464 regendum
1592 388 1736 466 post
1761 402 1829 444 se
1854 382 2314 447 monasterium

176 468 365 533 fratri
411 490 527 533 suo
560 466 843 551 Ceadda‚
894 471 1002 555 qui
1048 477 1272 555 postea
1322 470 1659 555 episcopus
1705 468 1915 533 factus
1965 480 2081 553 est,
2122 480 2203 535 ⁴ut
2247 472 2313 535 in

176 557 592 644 sequentibus
656 557 964 623 dicemus,
1058 556 1204 622 IIII
1249 558 1564 643 siquidem
1624 555 1717 641 hi,
1786 580 1945 643 quos
2012 557 2312 643 diximus,

176 648 474 731 germani
532 647 794 731 fratres,
857 643 1040 712 Cedd
1087 656 1153 710 et
1200 645 1486 734 cynibill
1532 656 1597 711 et
1645 645 1867 711 Caelin
1917 656 1981 712 et
2029 645 2309 732 Oeadda,

177 736 344 821 quod
391 758 540 801 raro
585 738 930 819 inuenitur,
980 758 1200 800 omnes
1247 734 1615 801 sacerdotes
1646 734 1887 801 domini
1916 736 2097 801 fuere
2129 759 2309 823 prae-

175 827 350 908 clari,
401 836 473 889 ct
515 826 638 890 duo
687 848 768 889 ex
801 827 891 889 eis
937 826 1134 889 etiam
1180 826 1414 889 summi
1460 824 1805 890 sacerdotii
1851 824 2058 909 gradu
2103 826 2312 891 functi

173 924 336 979 sunt.
432 914 598 979 Cum
660 936 815 999 ergo
875 915 1249 1000 episcopum
1308 914 1680 979 defunctum
1743 936 1821 979 ac
1876 915 2196 1000 sepultum
2245 916 2310 979 in

172 1005 510 1089 prouincia
556 1002 621 1067 N
625 1002 1247 1089 ordanhymbrorum
1292 1002 1591 1069 audirent
1636 1002 1889 1087 fratres,
1982 1006 2049 1067 ui
2078 1003 2147 1067 in
2180 1027 2310 1068 mo-

171 1095 454 1159 nasterio
527 1094 661 1157 eius
725 1100 909 1157 erant
972 1093 1040 1157 in
1107 1094 1439 1177 prouincia
1482 1089 1910 1157 Orientalium
2008 1113 2313 1177 axonum,

171 1190 493 1247 uenerunt
538 1180 648 1247 illo
695 1180 773 1245 de
825 1203 938 1245 suo
985 1183 1373 1245 monasterio
1434 1181 1724 1246 homines
1772 1182 2031 1245 circiter
2079 1180 2313 1265 XXX,

173 1274 512 1357 cupientes
560 1269 643 1336 ad
691 1292 922 1357 corpus
969 1270 1066 1334 sui
1112 1272 1314 1356 patris
1364 1280 1476 1334 aut
1521 1272 1763 1354 uiuere,
1814 1272 1993 1334 sisic
2024 1270 2145 1335 deo
2176 1270 2309 1357 pla-

171 1371 377 1444 ceret,
451 1369 562 1424 aut
628 1360 976 1423 morientes
1035 1358 1126 1424 ibi
1185 1358 1464 1445 sepeliri.
1558 1358 1687 1438 Qui
1747 1359 2021 1425 libenter
2080 1382 2119 1423 a
2178 1362 2315 1423 suis

170 1449 482 1515 fratribus
515 1457 580 1514 et
611 1447 1172 1513 commilitionibus
1220 1448 1499 1535 suscepti
1546 1469 1767 1513 omnes
1812 1448 2053 1513 ibidem
2093 1470 2311 1535 super-

169 1542 473 1604 ueniente
534 1538 868 1625 praefatae
926 1538 1330 1623 pestilentiae
1379 1536 1560 1602 clade
1616 1537 1903 1602 defuncti
1962 1547 2141 1619 sunt,
2204 1560 2309 1603 ex-

171 1638 360 1715 cepto
405 1650 536 1691 uno
581 1628 848 1713 puerulo
859 1676 877 1708 ‚
941 1648 1132 1712 quem
1181 1628 1573 1691 orationibus
1621 1628 1825 1713 patris
1872 1627 1969 1691 sui
2016 1648 2054 1690 a
2103 1636 2307 1690 morte

173 1726 426 1782 constat
476 1738 616 1781 esse
663 1724 1012 1781 seruatum.
1089 1714 1260 1780 Nam
1310 1737 1459 1779 cum
1484 1714 1703 1778 -multo
1750 1723 1898 1801 post
1942 1715 2101 1780 haec
2148 1724 2305 1779 tem-

169 1829 327 1892 pore
373 1808 625 1871 uiueret
673 1814 738 1870 et
785 1805 1112 1890 scripturis
1158 1804 1449 1889 legendis
1496 1826 1755 1889 operam
1798 1802 1999 1886 daret,
2049 1802 2307 1867 tandem

169 1894 399 1960 didicit
429 1918 498 1959 se
529 1917 697 1980 aqua
739 1894 1144 1979 baptismatis
1185 1915 1311 1958 non
1351 1910 1491 1957 esse
1536 1900 2011 1976 regeneratum,
2060 1900 2125 1956 et
2155 1914 2307 1956 mox

169 1984 347 2049 fonte
393 1984 641 2049 lauacri
687 1984 984 2047 salutaris
1039 1980 1324 2067 ablutus,
1388 1984 1581 2047 etiam
1629 1982 2036 2068 postmodum
2082 1980 2163 2045 ad
2211 2003 2306 2045 or-

169 2073 385 2138 dinem
452 2072 841 2160 presbyterii
909 2080 1238 2158 promotus
1305 2080 1404 2135 est
1479 2070 1827 2156 multisque
1887 2071 1955 2135 in
2037 2069 2308 2133 ecclesia

169 2163 342 2228 utilis
389 2163 542 2228 fuit:
600 2162 680 2227 de
729 2185 852 2248 quo
901 2160 1324 2226 dubitandum
1370 2183 1499 2225 non
1545 2158 1956 2243 crediderim,
2013 2160 2169 2244 quin
2216 2160 2303 2222 in·

168 2252 699 2336 tercessionibus‚
755 2260 828 2315 ut
875 2248 1028 2334 dixi,
1077 2253 1174 2315 sui
1219 2252 1452 2336 patris,
1510 2250 1593 2325 ad
1640 2251 1820 2314 cuius
1868 2271 2099 2335 corpus
2149 2246 2303 2311 dile-

173 2345 401 2407 ctionis
461 2343 662 2428 ipsius
723 2341 936 2426 gratia
998 2349 1296 2424 uenerat,
1366 2341 1447 2404 sit
1493 2339 1575 2403 ab
1622 2337 1892 2403 articulo
1939 2338 2163 2401 mortis
2209 2359 2305 2400 re-

170 2441 411 2515 tentus,
458 2440 532 2495 ut
563 2438 628 2494 et
671 2430 810 2515 ipse
859 2430 951 2492 sic
997 2439 1269 2494 mortem
1318 2427 1623 2493 euaderet
1669 2436 1999 2492 aeternam
2049 2435 2114 2491 et
2162 2426 2307 2490 aliis

173 2542 428 2606 quoque
494 2519 804 2584 fratribus
867 2519 1290 2582 ministerium
1353 2519 1527 2582 uitae
1591 2539 1668 2581 ac
1732 2516 1953 2580 salutis
2018 2512 2306 2580 docendo

173 2609 528 2674 exhiberet.

1186 2837 1289 2900 24.

177 2997 253 3054 vt
289 2997 624 3067 prouincia
659 2995 1065 3062 merciorum,
1119 2994 1337 3054 occiso,
1370 3008 1521 3062 rege
1558 2994 1798 3061 Penda,
1850 2993 2032 3048 fldem
2070 2991 2310 3048 Christi·

212 3086 598 3155 susceperitz
640 3085 704 3140 et
742 3084 955 3153 osuiu,
996 3098 1110 3153 pro
1149 3083 1375 3152 adepta
1408 3081 1708 3149 uictoria,
1746 3080 2170 3150 possessiones
2209 3079 2273 3134 ct

354 3173 696 3230 territoria
733 3173 844 3228 (leo
883 3173 960 3228 ad
999 3172 1416 3228 construenda
1453 3169 1835 3225 monasteria
1872 3167 2140 3223 dederit.

349 3319 476 3383 His
521 3317 919 3402 temporibus
964 3339 1082 3382 rex
1117 3313 1323 3381 Osuiu
1371 3337 1516 3379 cum
1562 3313 1829 3378 acerbas
1875 3321 2067 3397 atque
2113 3308 2309 3373 intol-

173 3408 474 3472 lerabiles
528 3414 863 3492 pateretur
915 3407 1316 3491 inruptiones
1371 3426 1565 3490 saepe
1614 3401 1767 3466 dicti
1813 3402 1987 3485 regis
2032 3396 2305 3462 Mercio-

175 3519 349 3582 rum,
401 3495 514 3582 qui
559 3494 825 3560 fratrem
873 3497 1007 3559 eius
1055 3492 1411 3578 occiderat,
1460 3493 1542 3556 ad
1584 3492 1882 3555 ultimum
1927 3487 2310 3552 necessitate

177 3593 445 3671 cogente
491 3584 788 3670 promisit
835 3606 905 3648 se
952 3585 1009 3647 ei
1055 3584 1393 3647 innumera
1440 3589 1505 3646 et
1548 3583 1822 3663 maiora,
1885 3599 2079 3664 quam
2134 3574 2309 3639 credi

175 3683 415 3761 potest,
483 3680 858 3737 ornamenta
920 3674 1104 3757 regia
1162 3672 1267 3735 uel
1331 3670 1599 3735 donaria
1652 3671 1719 3733 in
1778 3670 2060 3755 pretium
2129 3666 2313 3752 pacis.

173 3765 586 3848 largiturum,
657 3760 1000 3827 dummodo
1056 3761 1166 3826 ille
1221 3760 1483 3824 domum
1536 3757 1779 3823 rediret
1826 3767 1890 3821 et
1943 3755 2307 3844 prouincias

175 3854 358 3938 regni
437 3853 574 3916 eius
648 3872 850 3936 usque
918 3849 1001 3915 ad
1069 3851 1555 3914 internicionem
1633 3858 1891 3912 uastare
1964 3844 2307 3910 desineret..
2394 3861 2425 3908 ’.
