2723 4326
164 212 248 266 V.
289 212 371 267 19.
2185 206 2314 274 265

169 390 487 473 exigente
550 386 831 475 synodus
898 384 1124 452 eadem
1182 408 1403 451 coram
1460 384 1782 449 nobilibus
1844 393 1908 448 et
1955 383 2318 469 frequentia

164 475 402 563 populi
459 478 723 542 iubente
779 477 1130 563 apostolico
1176 498 1347 561 papa
1396 474 1620 539 diebus
1666 474 1909 558 aliquot
1967 473 2315 557 legeretur,

168 573 446 629 uentum
469 575 566 630 est
587 564 668 629 ad
686 563 917 649 locum,
942 565 1054 629 ubi
1073 565 1384 650 scriptum
1418 574 1581 628 erat:
1632 561 1961 626 ‘Vilfridus
1993 560 2111 625 deo
2145 583 2316 626 ama-

166 654 325 719 bilis
374 656 715 740 episcopus
760 652 1097 718 Eboracae
1154 654 1436 718 ciuitatis
1491 650 1906 737 apostolicam
1968 648 2188 714 sedem
2236 648 2316 715 de

170 765 298 807 sua
343 765 537 807 causa
583 742 916 829 appellans
965 751 1029 807 et
1077 743 1160 807 ab
1208 742 1330 807 hac
1377 750 1698 828 potestate
1746 738 1826 803 de
1875 741 2068 803 certis
2114 739 2316 804 incer-

167 834 391 917 tisque
435 832 633 896 rebus
680 831 1029 896 absolutus'
1081 840 1146 895 et
1194 840 1441 915 cetera,
1505 852 1668 916 quae
1724 851 1918 914 supra
1965 830 2314 913 posuimus,

172 918 371 998 Quod
419 920 534 984 ubi
578 921 818 984 lectum
866 931 990 1003 est,
1053 929 1276 1005 stupor
1345 917 1772 1006 adprehendit
1831 915 2202 1001 audientes3
2252 927 2315 981 et

174 1007 406 1073 silente
451 1009 694 1074 lectore
741 1018 1089 1095 coeperunt
1136 1009 1515 1073 alterutrum
1563 1008 1913 1093 requirere,
1963 1006 2105 1093 quis
2147 1016 2318 1071 esset

171 1098 287 1163 ille
335 1097 651 1162 Vilfridus
701 1100 1057 1184 episcopus.
1125 1098 1313 1162 Tunc
1343 1095 1706 1161 Bonifatius
1739 1094 2136 1160 consiliarius
2169 1117 2317 1181 apo·

172 1186 389 1252 stolici
434 1209 647 1273 papae
693 1196 757 1250 et
804 1186 915 1251 alii
958 1188 1311 1273 perplureS,
1365 1188 1475 1273 qui
1521 1208 1669 1250 eum
1714 1185 2110 1269 temporibus
2143 1181 2316 1268 Aga-

171 1274 395 1340 thonis
442 1298 651 1361 papae
695 1276 787 1340 ibi
819 1276 1139 1358 uiderant,
1172 1275 1472 1340 dicebant
1502 1276 1710 1361 ipsum
1748 1295 1890 1338 esse
1924 1272 2316 1359 episcopum,

175 1366 290 1449 qui
352 1386 562 1451 nuper
619 1364 896 1429 Romam
948 1375 1288 1429 accusatus
1334 1388 1376 1429 a
1421 1366 1549 1428 suis
1595 1372 1789 1448 atque
1837 1363 1920 1427 ab
1967 1362 2321 1447 apostolica

175 1451 332 1517 sede
362 1452 741 1518 iudicandus
773 1451 1134 1518 aduenerit:
1185 1453 1317 1539 ‘qui
1347 1450 1741 1517 iamdudum’
1774 1452 2069 1537 inquiunt
2093 1450 2318 1536 ‘aeque

173 1551 521 1607 accusatus
548 1541 692 1606 'huc
739 1540 1106 1626 adueniens,
1156 1563 1311 1606 mox
1357 1540 1576 1606 audita
1620 1562 1698 1605 ac
1743 1538 2094 1603 diiudicata
2128 1561 2321 1604 causa

175 1640 246 1695 et
293 1631 739 1695 controuersia
782 1632 1117 1717 utriusque
1162 1633 1388 1716 partis,
1437 1653 1476 1694 a
1506 1630 1737 1693 beatae
1767 1628 2119 1693 memoriae
2151 1650 2319 1714 papa

171 1719 531 1804 Agathone
576 1720 888 1805 probatus
935 1728 1034 1784 est
1080 1730 1305 1784 contra
1350 1719 1449 1783 fas
1489 1741 1528 1782 a
1558 1739 1674 1781 suo
1709 1719 2078 1802 episcopatu
2110 1715 2318 1802 repul-

173 1831 315 1892 sus3
365 1818 432 1873 et
476 1810 643 1873 tanti
688 1808 861 1896 apud
908 1828 1056 1872 eum
1101 1806 1353 1873 habitus
1401 1814 1518 1888 est,
1565 1816 1636 1870 ut
1681 1807 1891 1893 ipsum
1931 1807 1997 1869 in
2031 1805 2315 1889 concili0,

175 1896 354 1983 quod
401 1906 855 1982 congregarat,
906 1899 1374 1984 episcoporum,
1424 1896 1607 1981 quasi
1653 1896 1863 1958 uirum
1909 1896 2320 1981 incorruptae

175 1986 333 2051 fidei
382 1995 449 2050 et
496 1988 693 2051 animi
725 1987 914 2073 probi
945 1985 1232 2051 residere
1278 1982 1721 2071 praeciperet'.
1786 1981 2038 2061 Quibus
2084 1982 2319 2047 auditis

173 2074 485 2140 dicebant
542 2097 769 2140 omnes
838 2097 965 2140 una
1025 2097 1171 2140 cum
1232 2075 1373 2161 ipso
1434 2070 1771 2159 pontifice,
1838 2073 2051 2135 uirum
2098 2080 2320 2137 tantae

172 2166 601 2247 auctoritatis,
673 2165 782 2250 qui
834 2186 951 2251 per
997 2161 1126 2229 XL
1169 2185 1372 2250 prope
1419 2184 1619 2227 annos
1667 2165 2044 2248 episcopatu
2089 2158 2316 2247 funge-

172 2253 405 2337 batur,
482 2273 890 2338 nequaquam
960 2250 1251 2316 damnari
1316 2251 1588 2333 debere,
1667 2247 1782 2315 sed
1837 2249 1931 2314 ad
1998 2251 2324 2335 integrum

174 2342 385 2427 culpis
478 2342 959 2405 accusationum
1050 2341 1416 2405 absolutum
1505 2341 1784 2426 patriam
1861 2362 2008 2404 cum
2079 2338 2322 2405 honore

172 2429 443 2494 reuerti.

362 2515 495 2594 Qui
551 2539 699 2582 cum
753 2516 1145 2583 Brittaniam
1211 2538 1510 2583 remeans
1565 2519 1634 2582 in
1682 2515 2043 2583 Galliarum
2103 2525 2320 2603 partes

174 2605 573 2685 deuenisset‚
621 2615 830 2670 tactus
876 2615 974 2671 est
1019 2606 1398 2671 infirmitate
1421 2607 1764 2693 repentina
1796 2615 1863 2672 et
1893 2629 1970 2670 ea
1994 2614 2324 2670 crescente

171 2694 340 2760 adeo
388 2717 679 2781 pressus,
742 2703 815 2758 ut
868 2717 1081 2783 neque
1140 2718 1303 2781 equo
1351 2695 1524 2762 uehi,
1548 2704 1799 2782 posset,
1857 2693 1970 2758 sed
2025 2694 2323 2758 manibus

174 2784 629 2848 ministrorum
675 2792 1045 2869 portaretur
1088 2785 1151 2847 in
1200 2785 1495 2869 grabato.
1590 2782 1703 2849 Sic
1734 2781 1984 2847 delatus
2024 2784 2093 2846 in
2123 2782 2323 2847 Mael-

171 2871 333 2937 dum
367 2874 705 2937 ciuitatem
739 2869 995 2936 Galliae
1025 2870 1169 2936 IIII
1215 2871 1440 2938 diebus
1472 2894 1550 2936 ac
1579 2872 1876 2936 noctibus
1924 2873 2106 2959 quasi
2154 2895 2320 2937 mor-

174 2970 328 3026 tuus
379 2961 655 3045 iacebat,
704 2959 907 3025 halitu
939 2969 1190 3025 tantum
1227 2962 1543 3046 pertenui,
1578 2962 1730 3047 quia
1760 2962 2031 3044 uiueret,
2066 2959 2323 3025 demon·

176 3061 412 3116 straus.
512 3048 809 3135 Cumque
852 3051 947 3114 ita
992 3051 1129 3112 sine
1164 3050 1306 3114 cibo
1339 3058 1406 3114 et
1435 3059 1612 3135 potu,
1646 3051 1782 3114 sine
1812 3070 1974 3113 uoce
2005 3059 2072 3113 et
2102 3048 2327 3113 auditu

176 3137 531 3226 quatriduo
579 3149 1061 3225 perseueraret,
1124 3138 1347 3223 quinta
1403 3138 1663 3203 demum
1721 3137 2150 3202 inlucescente
2197 3138 2323 3221 die,

177 3230 367 3315 quasi
400 3227 483 3292 de
516 3229 704 3312 graui
737 3235 1148 3312 experrectus
1182 3249 1402 3292 somno
1436 3249 1792 3312 exsurgens
1822 3227 2094 3309 resedit3
2143 3249 2324 3313 aper-

175 3319 397 3404 tisque
460 3315 665 3380 oculis
718 3315 882 3380 uidit
944 3316 1115 3379 circa
1178 3338 1247 3379 se
1294 3315 1523 3380 choros
1568 3316 1982 3402 psallentium
2027 3314 2214 3379 simul
2263 3325 2327 3380 et

177 3405 481 3471 flentium
531 3405 833 3487 fratrum3
882 3425 959 3468 ac
1004 3401 1329 3468 modicum
1376 3406 1704 3492 suspirans
1735 3404 2180 3488 interrogauit,
2215 3405 2328 3469 ubi

181 3504 357 3560 esset
405 3491 591 3557 Acca
637 3493 1009 3578 presbyter3
1070 3494 1179 3578 qui
1226 3495 1448 3557 statim
1492 3503 1761 3557 uocatus
1806 3494 2074 3556 intrauit
2121 3502 2186 3558 et
2231 3499 2323 3558 ui-

179 3583 341 3648 dens
393 3604 544 3647 eum
594 3581 823 3644 melius
868 3579 1216 3645 habentem
1262 3603 1339 3646 ac
1385 3581 1561 3666 loqui
1606 3583 1735 3646 iam
1765 3581 2110 3666 ualentem,
2143 3582 2327 3647 flexis

177 3672 460 3757 genibus
508 3670 757 3754 gratias
804 3671 942 3753 egit
987 3667 1105 3734 deo
1152 3691 1299 3734 cum
1347 3670 1660 3752 omnibus,
1710 3672 1820 3756 qui
1865 3670 2154 3756 aderant,
2201 3671 2328 3736 fra-

177 3763 412 3826 tribus.
494 3757 583 3822 Et
630 3779 779 3821 cum
822 3778 1050 3842 parum
1096 3755 1532 3823 consedissent
1577 3782 1656 3824 ac
1701 3758 1780 3824 de
1825 3760 2119 3847 supernis
2165 3759 2325 3825 iudi·

178 3851 297 3914 ciis
345 3845 595 3935 trepidi
640 3845 857 3931 aliqua
903 3845 1301 3911 confabulari
1349 3847 1737 3935 coepissent,
1800 3849 1984 3914 iussit
2038 3850 2328 3937 pontifex
