2723 4326
426 165 553 227 282
2223 161 2288 212 V.
2329 160 2575 215 22-23.

424 340 535 421 uit,
585 340 780 401 immo
826 335 893 401 id
938 338 1146 423 ipsum
1196 335 1524 402 celebrare
1571 339 1706 401 sine
1751 337 1880 401 fine
1910 360 2038 402 non
2069 337 2330 403 desinit.
2391 336 2578 401 Mira

423 440 637 491 autem
684 426 940 491 diuinae
986 425 1374 513 dispensatio
1421 428 1804 512 prouisionis
1853 438 2012 507 erat,
2061 427 2233 513 quod
2289 448 2576 490 uenera-

425 517 569 580 bilis
616 518 715 595 uir
758 537 888 579 non
950 515 1153 580 solum
1216 517 1277 578 iu
1343 514 1585 601 pascha
1647 518 1949 580 transiuit
2005 514 2086 580 de
2140 516 2266 579 hoc
2321 513 2578 578 mundo

422 605 505 670 ad
551 614 833 693 patrem3
882 626 1108 669 uerum
1158 605 1354 668 etiam
1399 625 1546 669 cum
1579 627 1654 669 eo
1688 603 1790 669 die
1822 604 2064 692 pascha
2094 604 2576 687 celebraretur,

422 717 549 780 quo
595 715 944 779 numquam
990 696 1169 779 prius
1216 694 1283 757 in
1330 694 1423 757 els
1468 693 1622 757 locis
1655 694 1973 758 celebrari
2013 694 2284 757 solebat.
2387 691 2581 759 Grau·

422 783 663 848 debant
711 804 866 865 ergo
915 782 1149 847 fratres
1199 780 1277 846 de
1321 784 1650 866 agnitione
1697 793 1875 846 certa
1922 792 1988 846 et
2033 782 2360 847 catholica
2399 792 2577 846 tem-

420 874 593 958 poris
639 871 985 958 paschalis3
1058 871 1466 936 laetabantur
1528 869 1608 935 de
1670 872 2026 957 patrocinio
2080 874 2428 957 pergentis
2493 870 2580 934 ad

420 961 745 1025 dominum
774 962 995 1047 patris,
1045 982 1160 1046 per
1206 982 1398 1046 quem
1445 959 1700 1024 fuerant
1748 962 2056 1044 correcti3
2106 961 2582 1045 gratulabatur

420 1050 547 1134 ille,
598 1048 770 1134 quod
817 1058 1081 1114 eatenus
1128 1051 1194 1113 in
1242 1071 1434 1114 carne
1481 1058 1774 1113 seruatus
1823 1059 1954 1132 est,
2003 1048 2210 1114 donec
2255 1049 2455 1112 illum
2511 1051 2578 1112 in

420 1139 661 1226 pascha
708 1137 878 1203 diem
926 1161 1073 1203 suos
1120 1138 1462 1220 auditores,
1505 1159 1696 1222 quem
1729 1159 1985 1223 semper
2013 1149 2206 1203 antea
2237 1138 2574 1220 uitabant,

422 1230 747 1313 suscipere
794 1249 870 1290 ac
915 1248 1132 1291 secum
1178 1250 1375 1311 agere
1421 1225 1688 1294 uideret.
1785 1224 2022 1312 Sicque
2057 1235 2270 1292 certus
2303 1225 2390 1292 de
2425 1228 2576 1292 illo-

422 1337 566 1380 rum
613 1318 1005 1379 correctione
1050 1316 1608 1380 reuerentissimus
1654 1324 1838 1402 pater
1898 1316 2276 1399 exsultauit,
2343 1327 2420 1380 ut
2475 1319 2572 1379 ui-

421 1405 603 1470 deret
656 1404 824 1468 diem
877 1402 1143 1467 domini:
1192 1402 1354 1468 uidit
1403 1414 1468 1469 et
1513 1408 1774 1488 gauisus
1823 1413 1936 1469 est.

1426 1637 1530 1703 23.

418 1792 534 1864 Qui
587 1793 673 1848 sit
710 1793 776 1847 in
811 1792 1129 1861 praesenti
1179 1792 1384 1849 status
1423 1792 1630 1860 gentis
1669 1792 2008 1860 Anglorum
2045 1791 2150 1847 uel
2191 1792 2568 1848 Brittaniac

1373 1881 1595 1937 totius·

594 2025 783 2089 Anno
830 2025 1189 2090 dominicae
1236 2027 1694 2091 incarnationis
1727 2023 1929 2089 DCO⁰
1951 2022 2201 2107 XXV0,
2253 2028 2364 2109 qui
2411 2034 2567 2089 erat

420 2116 735 2202 septimus
785 2112 999 2181 Osrici
1046 2118 1222 2201 regis
1268 2113 1985 2201 Nordanhymbrorum,
2055 2114 2164 2199 qui
2213 2110 2566 2180 Coenredo

417 2214 841 2288 successerat,
890 2203 1161 2270 Victred
1205 2203 1374 2269 filius
1422 2205 1801 2290 Ecgbercti,
1861 2225 1979 2266 rex
2029 2200 2564 2287 Cantuariorum,

418 2294 757 2358 defunctus
804 2301 901 2356 est
942 2303 1114 2358 'nono
1161 2293 1266 2358 die
1312 2293 1752 2359 Kalendarum
1799 2289 2152 2375 Maiarum3
2221 2302 2285 2356 et
2340 2296 2563 2376 regni,

417 2383 587 2468 quod
633 2404 752 2469 per
781 2379 1140 2446 XXXIIII
1172 2385 1365 2448 semis
1396 2405 1595 2446 annos
1627 2381 1906 2462 tenebat,
1941 2379 2104 2444 filios
2135 2390 2292 2458 treS,
2323 2381 2560 2446 Aedil-

414 2473 733 2554 berctum,
767 2469 1206 2535 Eadberctum
1254 2481 1319 2535 et
1342 2472 1635 2537 Alricum
1681 2471 1939 2555 reliquit
1985 2468 2276 2534 heredes.
2356 2468 2560 2534 Anno

415 2571 559 2648 post
628 2581 821 2646 quem
884 2562 1177 2646 proximo
1228 2559 1472 2626 Tobias
1519 2560 1858 2624 Hrofensis
1921 2557 2231 2623 ecclesiae
2291 2559 2562 2645 praesul

415 2650 753 2714 defunctus
801 2658 900 2713 est
945 2650 1064 2729 uir,
1097 2659 1168 2714 ut
1200 2672 1397 2735 supra
1427 2649 1848 2731 meminimus,
1883 2645 2311 2712 doctissimus,
2383 2647 2558 2712 Erat

418 2740 589 2802 enim
634 2736 981 2823 discipulus
1029 2739 1259 2803 beatae
1307 2740 1656 2802 memoriae
1701 2739 2161 2820 magistrorum
2213 2734 2558 2801 Theodori

415 2826 881 2913 archiepiscopi
928 2835 992 2891 et
1037 2827 1292 2892 abbatis
1337 2827 1698 2892 Hadriani:
1776 2825 1966 2908 unde,
2013 2835 2088 2887 ut
2134 2823 2383 2888 dictum
2429 2836 2556 2908 est,

418 2938 561 2978 cum
612 2915 969 2980 eruditione
1012 2917 1380 2980 litterarum
1425 2915 1530 2980 uel
1577 2916 2155 2979 ecclesiasticarum
2203 2913 2310 2978 uel
2357 2935 2556 2998 gene-

415 3004 645 3069 ralium
693 3007 785 3069 ita
815 3001 1139 3070 Graecam
1188 3027 1442 3091 quoque
1490 3026 1637 3069 cum
1683 3002 1921 3067 Latina
1965 3000 2189 3066 didicit
2233 3001 2552 3087 linguam,

416 3105 488 3157 ut
534 3103 668 3157 tam
717 3103 901 3157 notas
948 3116 1023 3157 ac
1070 3095 1420 3159 familiares
1469 3093 1592 3157 sibi
1624 3115 1732 3157 eas
1764 3113 1959 3177 quam
2003 3091 2364 3155 natiuitatis
2395 3114 2554 3157 suae

412 3183 732 3268 loquelam
779 3182 1064 3246 haberet.
1162 3180 1466 3269 Sepultus
1526 3203 1679 3246 uero
1741 3191 1838 3245 est
1897 3181 1965 3243 in
2021 3180 2283 3264 porticu
2345 3182 2554 3245 sancti

414 3273 599 3336 Pauli
646 3271 939 3358 apostoli,
989 3292 1184 3356 quam
1230 3271 1398 3334 intro
1447 3270 1785 3336 ecclesiam
1836 3269 2039 3332 sancti
2069 3265 2380 3334 Andreae
2427 3269 2553 3334 sibi

412 3363 551 3446 ipse
596 3363 661 3424 in
709 3361 917 3424 locum
975 3359 1251 3446 sepulcri
1308 3360 1571 3423 fecerat.
1663 3357 1820 3423 Post
1885 3379 2076 3442 quem
2137 3358 2548 3444 episcopatus

414 3447 697 3513 officium
754 3446 1048 3533 Alduulf,
1109 3447 1504 3514 Berctualdo
1565 3447 2046 3534 archiepiscopo
2101 3457 2546 3527 consecrante,

417 3548 779 3690 81186θὲ1310
849 3623 1203 3690 dominicae
1260 3627 1715 3690 incarnationis
1761 3621 1964 3689 DCC⁰
2007 3620 2379 3687 XXVIIII⁰
2436 3647 2543 3710 ap·

414 3723 765 3798 paruerunt
810 3724 1099 3778 cometae
1145 3712 1309 3778 duae
1355 3716 1526 3778 circa
1563 3714 1783 3793 solem,
1830 3711 2102 3776 multum
2147 3712 2543 3777 intuentibus

414 3810 723 3865 terrorem
791 3803 1193 3869 incutientes.
1302 3802 1451 3867 Vna
1519 3805 1758 3889 quippe
1828 3801 2025 3865 solem
2087 3799 2538 3886 praecedebat,
