2723 4326
377 137 506 200 216
1562 153 1565 156 ⁴
2122 139 2242 190 1111.
2281 138 2518 193 26-27.

374 313 528 397 uini,
579 313 688 398 qui
719 314 786 376 in
819 334 929 376 eos
977 313 1421 400 episcopatum
1466 325 1823 401 acceperat,
1870 316 2139 380 recessit
2186 337 2333 380 cum
2358 317 2516 398 suis,

376 403 486 488 qui
533 410 717 466 erant
761 402 829 464 in
873 404 1261 468 monasterio
1307 403 1828 488 Aebbercurnig,
1883 405 2092 490 posito
2139 402 2398 491 quidem
2444 407 2513 468 in

372 490 640 574 regione
685 489 1073 576 Anglorum,
1133 489 1246 556 sed
1293 493 1357 556 in
1404 493 1642 558 uicinia
1694 493 1873 575 freti,
1930 491 2100 580 quod
2146 491 2513 579 Anglorum

373 589 580 644 terras
633 579 1090 666 Pictorumque
1144 577 1576 665 disterminat3
1634 603 1898 668 eosque,
1955 581 2345 668 ubicumque
2397 605 2509 669 po-

372 678 570 754 terat,
618 670 842 734 amicis
887 691 1006 755 per
1050 671 1441 734 monasteria
1486 669 1940 736 commendans
1985 672 2125 758 ipse
2172 673 2237 735 in
2284 694 2504 757 saepe-

374 755 544 822 dicto
614 757 1002 823 famulorum
1071 759 1591 846 famularumque
1660 758 1763 824 dei
1833 761 2223 825 monasterio
2240 810 2258 843 ,
2336 761 2508 846 quod

371 855 642 911 uocatur
688 844 1254 934 Streanaeshalch,
1319 847 1533 913 locum
1592 851 1940 914 mansionis
2000 849 2223 934 elegit3
2288 849 2507 935 ibique

372 957 520 1000 cum
564 938 786 1022 paucis
833 958 1093 1000 suorum
1140 938 1208 1001 in
1252 937 1632 1003 monachica
1686 937 2086 1003 districtione
2132 941 2333 1002 uitam
2378 960 2510 1002 non

371 1024 495 1089 sibi
553 1023 950 1090 solummodo
960 1076 979 1109 ,
1043 1023 1155 1091 sed
1202 1035 1268 1090 et
1310 1027 1529 1091 multis
1588 1027 1813 1092 utilem
1871 1029 2147 1113 plurimo
2192 1049 2507 1091 annorum

372 1124 666 1200 tempore
733 1113 941 1179 duxit:
1009 1115 1122 1178 ubi
1183 1116 1380 1180 etiam
1438 1115 1808 1200 defunctus,
1872 1119 1939 1180 in
2002 1117 2275 1182 ecclesia
2331 1117 2509 1180 beati

370 1203 552 1268 Petri
598 1204 870 1289 apostoli
915 1204 1098 1267 iuxta
1150 1202 1463 1268 honorem
1511 1214 1576 1270 et
1621 1207 1759 1270 uita
1806 1213 1871 1270 et
1917 1204 2125 1289 gradu
2170 1206 2307 1269 eius
2354 1227 2505 1270 con·

371 1290 639 1377 dignum
697 1290 991 1356 conditus
1049 1301 1166 1358 est.
1256 1290 1569 1358 Praeerat
1615 1292 1873 1381 quidem
1918 1305 2071 1359 tunc
2117 1293 2329 1359 eidem
2373 1316 2505 1358 mo-

369 1382 650 1448 nasterio
705 1382 888 1464 regia
941 1381 1130 1466 uirgo
1175 1379 1475 1446 Aelbfled
1528 1405 1658 1448 una
1712 1405 1859 1447 cum
1914 1393 2119 1448 matre
2172 1381 2511 1468 Eanflede,

371 1491 643 1555 quarum
691 1491 886 1556 supra
928 1469 1201 1534 fecimus
1247 1473 1659 1539 mentionem.
1724 1469 1879 1556 Sed,
1924 1470 2309 1537 adueniente
2354 1471 2509 1536 illuc

371 1559 691 1645 episcopo,
740 1559 1094 1626 maximum
1140 1559 1411 1643 regendi
1456 1560 1768 1625 auxilium
1814 1561 2003 1625 simul
2033 1571 2098 1626 et
2128 1582 2283 1626 suae
2330 1563 2513 1626 uitae

371 1647 678 1713 solacium
739 1645 974 1712 deuota
1035 1647 1155 1714 deo
1215 1649 1468 1713 doctrix
1535 1651 1803 1715 inuenit.
1894 1648 2224 1716 Successit
2285 1660 2508 1714 autem

368 1737 679 1823 Ecgfrido
725 1737 792 1800 in
837 1760 1114 1822 regnum
1136 1735 1397 1803 Aldfrid
1440 1741 1543 1802 uir
1587 1740 1654 1802 in
1700 1740 2032 1824 scripturis
2078 1737 2511 1822 doctissimus,

369 1829 478 1914 qui
531 1826 732 1894 frater
778 1826 914 1891 eius
962 1835 1028 1892 et
1073 1825 1241 1891 filius
1289 1825 1497 1893 Osuiu
1550 1828 1724 1914 regis
1781 1850 1921 1892 esse
1974 1827 2338 1894 dicebatur:
2395 1825 2505 1891 de-

369 1924 810 2002 structumque
840 1917 1024 2000 regni
1057 1923 1316 2000 statum,
1368 1919 1662 2002 quamuis
1693 1918 1863 1982 intra
1892 1916 2051 1982 fines
2075 1918 2503 2004 angustiores,

369 2001 673 2072 nobiliter
715 2005 1142 2090 recuperauit.

551 2089 693 2171 Quo
739 2093 1039 2159 uidelicet
1084 2115 1270 2175 ann0,
1321 2095 1433 2179 qui
1463 2102 1561 2158 est
1591 2095 1672 2158 ab
1705 2096 2145 2160 incarnatione
2181 2094 2514 2159 dominica.

371 2182 871 2267 DGLXXXV„
919 2182 1222 2249 Hlotheri
1245 2181 1741 2249 Cantuariorum
1786 2207 1923 2270 rex,
1972 2207 2119 2248 cum
2162 2193 2309 2271 post
2330 2184 2505 2268 Ecg-

373 2275 670 2341 berctum
714 2272 983 2338 fratrem
1030 2294 1234 2355 suum,
1283 2273 1395 2357 (1111
1424 2270 1633 2337 VIIII
1676 2276 1857 2337 annis
1902 2282 2313 2359 regnauerat,
2362 2274 2511 2359 ipse

375 2362 517 2429 XII
563 2361 746 2427 annis
789 2368 1150 2445 regnasset,
1195 2371 1485 2425 mortuus
1518 2370 1657 2426 erat
1686 2360 1877 2428 VIII.
1911 2360 2067 2426 Idus
2096 2362 2519 2427 Februarias.

375 2450 770 2519 Vulneratus
827 2471 1107 2535 namque
1167 2458 1266 2513 est
1303 2452 1392 2515 .in
1448 2473 1669 2537 pugna
1714 2450 2113 2516 Australium
2158 2448 2522 2534 Saxonum,

380 2563 540 2627 quos
602 2548 825 2604 contra
885 2561 1033 2604 eum
1078 2536 1278 2603 Edric
1337 2537 1507 2604 filius
1553 2539 1906 2624 Ecgbercti
1963 2539 2389 2624 adgregarat,
2451 2549 2523 2603 et

378 2633 544 2695 inter
612 2625 997 2693 medendum
1062 2627 1419 2693 defunctus.
1512 2627 1614 2693 Ac
1675 2638 1821 2715 post
1881 2652 2031 2693 eum
2088 2626 2260 2693 idem
2316 2626 2523 2693 Edric

380 2740 546 2783 anno
577 2738 704 2781 uno
737 2738 813 2781 ac
845 2715 1108 2784 dimidio
1153 2718 1483 2801 regnauit:
1534 2739 1659 2803 quo
1706 2717 2007 2783 defuncto
2054 2739 2329 2803 regnum
2361 2716 2523 2781 illud

381 2829 499 2893 per
547 2805 805 2892 aliquod
874 2807 1184 2891 temporis
1252 2806 1533 2892 spatium
1601 2828 1793 2891 reges
1860 2806 2039 2871 dubii
2099 2806 2203 2871 uel
2268 2808 2523 2870 externi

383 2893 928 2982 disperdiderunt3
975 2894 1179 2961 donec
1223 2893 1551 2978 legitimus
1596 2917 1715 2959 rex
1759 2894 2048 2980 Victred,
2094 2894 2161 2959 id
2209 2904 2306 2959 est
2350 2892 2530 2959 filius

327 3066 330 3069 ἦ
383 2984 762 3069 Ecgbercti,
830 2982 1224 3051 confortatus
1285 2984 1354 3047 in
1412 3005 1614 3069 regno
1628 3035 1647 3068 ,
1709 2985 2023 3068 religione
2084 2984 2273 3048 simul
2320 2992 2383 3047 et
2429 2986 2525 3048 in-

387 3072 634 3139 dustria
681 3083 946 3157 gentem
994 3094 1176 3137 suam
1222 3072 1303 3137 ab
1354 3080 1662 3138 extranea
1706 3074 2037 3139 inuasione
2082 3073 2409 3139 liberaret.

1313 3306 1395 3369 27
1448 3302 1601 3391 [25].

387 3463 469 3519 Vt
504 3462 610 3518 1111·
650 3461 880 3518 domini
921 3461 1229 3519 cudberct
1267 3463 1354 3518 sit
1393 3463 1719 3532 episcopus
1774 3462 2012 3517 factust
2066 3462 2258 3529 utque
2297 3460 2366 3515 in
2404 3474 2535 3514 mo·

604 3550 864 3607 nachica
900 3551 1096 3607 'adhue
1131 3552 1270 3607 uita
1304 3552 1552 3621 positus
1590 3550 1835 3607 uixerit
1871 3550 1976 3605 uel
2015 3548 2325 3605 docuerIt.

571 3694 725 3779 Ipso
773 3696 969 3759 etiam
1016 3717 1213 3779 anno,
1264 3717 1390 3781 quo
1438 3694 1635 3760 finem
1679 3695 1853 3759 uitae
1899 3696 2149 3779 accepit
2194 3716 2314 3759 rex
2358 3694 2529 3779 Ecg·

397 3779 550 3865 frid,
610 3783 1008 3869 episcopum,
1069 3793 1141 3849 ut
1197 3782 1503 3868 diximuS,
1561 3784 1804 3849 fecerat
1850 3782 2133 3847 ordinari
2178 3781 2533 3847 Lindisfar-

2712 547 2714 590 „m
2712 469 2715 518 -
2682 235 2715 434 ιμ’,
2713 3 2714 158 Αμᾈ
