2723 4326
410 185 535 248 122
2183 182 2283 235 111.
2324 182 2554 238 11-12.

406 360 792 429 Conticuere
812 382 1053 445 omnes,
1087 362 1444 448 intentique
1471 384 1586 427 ora
1606 360 1934 445 tenebant,
1961 357 2182 446 (Very.
2209 360 2369 425 Aen.
2393 359 2483 423 Π
2488 357 2558 446 1)

406 509 602 575 quem
647 508 751 551 res
801 488 1046 551 exitum
1090 484 1393 569 haberet,
1442 486 1700 551 solliciti
1747 493 2186 573 expectantes.
2269 484 2359 549 Et
2405 493 2562 571 post

405 577 806 665 aliquantum
850 573 1049 641 horae
1096 578 1376 661 spatium
1422 575 1662 640 resedit
1696 576 1806 661 qui
1850 574 2242 659 uexabatur,
2307 582 2378 639 et
2407 596 2558 660 gra-

404 668 578 731 uiter
622 666 977 752 suspirans:
1028 662 1266 729 ‘Modo'
1314 666 1522 751 inquit
1569 663 1817 729 ‘sanum
1862 665 2063 751 sapie,
2110 664 2332 749 recepi
2378 664 2557 728 enim

405 777 666 821 sensum
696 756 896 819 animi
925 754 1099 819 mei!
1160 751 1253 818 At
1282 754 1377 818 illi
1407 753 1629 820 sedulo
1663 752 2176 831 sciscitabantur,
2226 750 2556 838 quomodo

402 844 528 909 hoc
594 844 987 929 contigisset.
1081 840 1211 921 Qui
1274 844 1394 908 aitz
1461 842 1639 907 ‘Mox
1683 852 1757 906 ut
1809 844 1996 927 uirgo
2042 842 2205 906 haec
2251 863 2401 906 cum
2447 864 2555 906 66-

404 932 635 1021 psella,
686 954 881 1019 quam
926 931 1258 1019 portabat,
1305 930 1846 1019 adpropinquauit
1877 932 2044 995 atrio
2076 928 2307 995 domus
2337 928 2554 1015 huius,

405 1021 753 1087 discessere
800 1043 1039 1105 omnes,
1090 1022 1199 1107 qui
1229 1043 1333 1085 me
1378 1020 1789 1109 premebant,
1854 1022 2114 1105 spiritus
2161 1019 2437 1104 maligni
2484 1029 2554 1085 et

404 1132 511 1177 me
572 1110 799 1176 relicto
859 1131 1175 1196 nusquam
1237 1109 1776 1197 comparuerunt!
1870 1106 2058 1173 Tunc
2104 1106 2284 1174 dedit
2331 1110 2395 1173 ei
2441 1108 2554 1174 ab·

403 1200 645 1266 batissa.
690 1199 1160 1286 portiunculam
1208 1196 1289 1263 de
1335 1199 1604 1284 puluere
1648 1197 1776 1280 1110,
1825 1207 1890 1263 61
1921 1200 2012 1263 616
2054 1196 2209 1262 data
2253 1199 2554 1264 oratione

404 1312 444 1354 6
490 1288 875 1376 presbytero
892 1338 910 1371 ,
981 1296 1237 1352 noctem
1282 1288 1460 1353 illam
1525 1288 1988 1375 quietissimam
2055 1288 2266 1371 duxit3
2335 1310 2554 1376 neque

404 1376 648 1464 aliquid
681 1399 762 1442 ex
794 1399 869 1442 60
917 1385 1209 1463 tempore
1255 1379 1555 1445 nocturni
1599 1377 1846 1441 timoris
1893 1385 2006 1442 aut
2051 1378 2418 1441 uexationis
2465 1376 2554 1441 ab

406 1469 671 1553 antiquo
717 1464 903 1531 hoste
946 1466 1228 1552 pertulit.
2356 1457 2363 1464 ’

1425 1645 1528 1709 12.

593 1784 673 1840 Vt
709 1786 786 1840 ad
825 1784 1097 1841 tumbam
1136 1784 1271 1842 elus
1310 1784 1400 1841 sit
1437 1784 1740 1855 puerulus
1779 1799 1814 1841 6
1851 1785 2030 1842 febre
2067 1786 2352 1843 curatus.

584 1908 914 1998 Sequente
970 1911 1202 1977 dehinc
1256 1922 1548 1999 tempore
1603 1912 1724 1976 fuit
1765 1914 1834 1977 in
1878 1910 2104 1977 eodem
2148 1916 2550 1979 monasterio

403 2000 709 2089 puerulus
786 1999 1049 2088 quidam
1121 2000 1315 2084 longo
1393 2000 1668 2065 febrium
1756 2000 2162 2067 incommodo
2253 2004 2553 2087 grauiter

402 2099 695 2156 uexatus,
760 2087 888 2169 Qui
920 2114 1069 2155 cum
1099 2089 1203 2155 die
1236 2086 1512 2177 quodam
1545 2090 1854 2155 sollicitus
1884 2090 2108 2155 horam
2155 2094 2550 2157 accessionis

403 2188 811 2268 expectaret,
859 2182 1188 2266 ingressus
1234 2179 1317 2244 ad
1360 2203 1507 2244 eum
1555 2178 1816 2266 quidam
1862 2179 1944 2245 de
1989 2181 2322 2246 fratribust
2383 2181 2548 2247 ‘Vis’

401 2272 609 2357 inquit
680 2268 791 2332 ‘mi
836 2279 1015 2351 11616,
1089 2267 1354 2333 doceam
1398 2279 1491 2354 16,
1559 2268 1877 2355 quomodo
1935 2271 2176 2334 cureris
2224 2269 2306 2334 ab
2355 2271 2552 2335 huius

403 2359 697 2424 molestia
740 2356 1113 2442 languoris?
1206 2356 1450 2442 Surge,
1511 2355 1839 2444 ingredire
1901 2359 2267 2442 ecclesiam,
2331 2369 2399 2423 et
2445 2383 2552 2425 ac-

404 2446 639 2514 cedens
707 2446 792 2512 ad
856 2447 1265 2534 sepulchrum
1326 2445 1628 2531 Osualdi,
1694 2447 1786 2513 ibi
1851 2447 2090 2531 reside,
2157 2459 2223 2513 et
2287 2450 2550 2534 quietus

400 2541 695 2603 maneus⁴
732 2534 1011 2601 adhaere
1070 2536 1349 2601 tumbae.
1445 2533 1641 2617 Vide,
1707 2557 1788 2599 ne
1844 2558 2036 2601 exeas
2082 2537 2232 2601 inde
2294 2559 2418 2602 nec
2466 2537 2551 2602 de

400 2627 543 2692 loco
590 2627 938 2708 monearis,
989 2625 1191 2690 donec
1237 2625 1398 2690 hora
1443 2626 1824 2691 recessionis
1869 2625 2146 2690 febrium
2193 2628 2549 2692 transierit.

409 2715 595 2780 Tunc
654 2717 795 2801 ipse
856 2715 1109 2779 intrabo
1180 2722 1245 2779 et
1301 2713 1569 2778 educam
1617 2723 1682 2778 te
1739 2713 1933 2781 inde.'
2025 2715 2241 2799 Fecit,
2303 2725 2378 2779 ut
2437 2714 2551 2780 ille

408 2809 749 2885 suass'erat,
798 2803 1256 2890 sedentemque
1286 2801 1370 2866 ad
1401 2803 1693 2868 tumbam
1739 2805 1972 2886 sancti,
2020 2802 2362 2868 infirmitas
2409 2813 2553 2869 tan-

408 2914 570 2976 gere
614 2913 1019 2978 nequaquam
1067 2893 1480 2979 praesumsit3
1547 2893 1698 2979 quin
1744 2894 1809 2956 in
1854 2901 2109 2958 tantum
2155 2895 2390 2958 timens
2438 2915 2552 2958 au-

408 2982 607 3066 fugit,
664 2989 735 3044 ut
780 3003 899 3045 nec
946 2980 1225 3045 secunda
1270 2981 1372 3046 die
1417 3003 1536 3046 nec
1583 2982 1778 3045 tertia
1822 3003 2033 3068 neque
2080 3004 2386 3068 umquam
2435 3006 2549 3048 ex-

408 3072 558 3136 inde
606 3091 752 3134 eum
800 3068 1063 3134 auderet
1111 3071 1459 3154 contigere.
1554 3067 1740 3148 Quod
1787 3071 1879 3134 ita
1926 3093 2063 3136 esse
2109 3081 2388 3156 gestum,
2438 3073 2554 3158 qui

407 3159 735 3225 referebat
789 3159 975 3244 mihi,
1037 3158 1240 3224 frater
1293 3157 1443 3224 inde
1509 3157 1856 3224 adueniens
1919 3159 2182 3245 adiecit,
2248 3159 2426 3247 quod
2473 3184 2552 3225 60

409 3248 621 3315 adhuc
667 3257 978 3336 tempore,
1026 3270 1152 3334 quo
1199 3270 1452 3313 mecum
1497 3248 1902 3334 loquebatur,
1951 3259 2314 3336 superesset
2346 3252 2412 3314 in
2437 3272 2552 3318 ,60-

410 3339 559 3403 dem
628 3338 1017 3403 monasterio
1079 3339 1211 3402 iam
1274 3339 1522 3402 iuuenis
1585 3337 1726 3421 ille,
1803 3339 1867 3402 in
1935 3360 2060 3425 quo
2097 3347 2285 3402 ‘tunc
2349 3362 2554 3427 puero

411 3428 658 3501 factum
728 3435 865 3492 erat
932 3426 1054 3492 hoc
1121 3427 1503 3492 miraculum
1568 3427 1880 3492 sanitatis.
1973 3426 2118 3492 Nec
2180 3427 2556 3494 mirandum

411 3538 635 3602 preces
696 3518 871 3600 regis
918 3514 1085 3581 illius
1154 3517 1285 3580 iam
1346 3538 1492 3581 cum
1553 3513 1810 3580 domino
1875 3518 2208 3600 regnantis
2279 3518 2558 3582 multum

412 3605 627 3669 ualere
662 3603 831 3692 apud
856 3626 1020 3690 eum,
1072 3607 1181 3690 qui
1210 3605 1584 3691 temporalis
1616 3606 1802 3690 regni
1834 3606 2272 3690 gubernacula
2302 3615 2556 3693 tenens,

414 3695 623 3843 mzltgis
677 3717 793 3780 pro
849 3703 1108 3759 aeterno
1165 3715 1367 3777 regno
1423 3717 1679 3782 semper
1733 3694 2028 3760 laborare
2081 3718 2158 3760 ac
2213 3693 2558 3783 deprecari

415 3803 483 3844 60
513 3783 677 3847 61161.
