2723 4326
137 213 183 266 1.
227 213 453 268 13—14.
2194 215 2275 278 21

1162 389 1262 454 13.

137 541 222 597 vt
262 539 565 607 reg-nante
604 537 945 594 Theodosio
982 537 1250 607 miuore,
1303 538 1481 594 cuius
1526 491 1805 607 tempore
1841 538 2164 595 Palladius
2202 540 2279 594 ad

136 611 393 668 Scottus
432 611 500 664 in
527 610 838 666 Christum
865 610 1187 665 credentes
1213 610 1439 666 missus
1468 611 1587 678 est,
1622 611 1956 666 Brettones
1995 612 2070 666 ab
2096 609 2277 666 Aetio

361 681 616 738 consule
653 680 959 736 auxillum
996 681 1355 750 flagitantes
1396 697 1519 737 non
1556 681 2062 752 Impetrauerlnt.

325 834 516 899 Anno
565 833 924 899 dominicae
969 835 1427 899 incarnationis
1474 831 2019 900 CCCC⁰XX⁰III⁰
2068 833 2277 900 Theo-

137 923 364 988 dosius
417 925 627 988 iunior
680 935 825 1009 post
869 923 1231 990 Honorium
1289 924 1822 1028 quadragesimus
1879 925 2135 1010 quintus
2194 924 2276 989 ab

141 1013 448 1097 Augusto
503 1034 786 1116 regnum
839 1015 1190 1099 suscipiens
1242 1015 1480 1097 uiginti
1526 1023 1588 1077 et
1634 1035 1747 1078 sex
1792 1034 1990 1077 annos
2037 1015 2275 1097 tenuit3

138 1105 326 1167 cuius
359 1123 527 1166 anno
558 1103 817 1188 imperii
848 1111 1076 1167 octauo
1101 1102 1427 1166 Palladius
1459 1103 1541 1167 ad
1574 1098 1877 1168 Scottos’
1860 1124 1927 1166 1n
1950 1100 2278 1168 Christum

137 1190 488 1256 credentes
519 1213 559 1254 a
588 1190 892 1277 pontifice
923 1191 1256 1256 Romanae
1287 1191 1599 1256 ecclesiae
1630 1189 1997 1257 Caelestino
2006 1193 2278 1296 ‘primus

141 1283 423 1346 mittitur
492 1282 847 1366 episcopus.
953 1279 1143 1345 Anno
1207 1289 1426 1345 autem
1496 1282 1687 1364 regni
1756 1282 1891 1345 eius
1960 1282 2277 1366 uigesimo

137 1372 368 1452 tertie,
416 1367 645 1434 Aetius
707 1371 807 1437 uir
866 1369 1182 1453 inlustria,
1249 1371 1361 1456 qui
1408 1377 1474 1434 et
1518 1370 1829 1455 patricius
1875 1369 2027 1452 fuit,
2085 1372 2280 1435 tertio

137 1483 296 1525 cum
327 1457 720 1546 Symmacho
755 1462 957 1542 gessit
989 1459 1410 1525 consulatum.
1487 1456 1595 1524 Ad
1640 1459 1805 1523 hanc
1850 1460 2280 1545 pauperculae

143 1549 531 1615 Brettonum
587 1549 900 1634 reliquiae
955 1550 1218 1614 mittunt
1275 1547 1647 1634 epistulam,
1708 1549 1886 1612 cuius
1933 1547 2055 1612 hoc
2102 1551 2275 1635 prin·

141 1641 388 1724 cipium
433 1646 555 1702 est·
620 1636 835 1702 ‘Aetio
893 1647 995 1702 ter
1042 1637 1285 1702 consuli
1338 1637 1619 1722 gemitus
1664 1635 2156 1718 Brittanorum'3
2214 1645 2279 1702 et

143 1731 212 1792 in
259 1748 565 1812 processu
612 1725 928 1811 epistulae
974 1728 1066 1790 ita
1110 1749 1257 1790 suas
1290 1725 1692 1790 calamitates
1725 1726 2080 1812 explicant:
2132 1724 2279 1790 ‘Re-

144 1816 394 1902 pellunt
438 1815 700 1880 barbari
745 1815 830 1880 ad
857 1836 1056 1899 mare,
1106 1815 1359 1901 repellit
1390 1837 1571 1880 mare
1602 1815 1685 1879 ad
1720 1814 2057 1899 barbaros3
2106 1816 2279 1880 inter

144 1905 309 1969 haec
357 1905 646 1968 oriuntur
693 1901 818 1968 duo
867 1925 1107 1988 genera
1151 1903 1478 1988 funerum,
1544 1914 1655 1969 aut
1711 1904 2104 1989 iugulamur,
2169 1912 2281 1969 aut

145 1995 523 2077 mergimur.
532 1993 545 2019 '
625 1991 856 2078 Neque
900 1992 1060 2056 haec
1105 2000 1322 2058 tamen
1368 2002 1634 2078 agentes
1667 1995 2009 2078 quicquam
2055 1955 2138 2058 al)
2169 1993 2278 2058 illo

142 2083 373 2148 auxilii
430 2085 781 2169 impetrare
846 2081 1186 2169 quiueru'nt
1200 2133 1219 2167 ,
1290 2090 1515 2170 utpote
1574 2085 1683 2170 qui
1744 2084 2140 2167 grauissimis
2201 2104 2277 2147 eo

145 2184 437 2260 tempore
482 2173 666 2237 bellis
715 2194 861 2236 cum
905 2170 1174 2237 Blaedla
1221 2181 1284 2237 et
1327 2172 1538 2237 Attila
1580 2172 1843 2256 regibus
1889 2171 2277 2237 Hunnorum

145 2272 287 2328 erat
346 2270 714 2347 occupatus.
809 2262 897 2327 Et
961 2262 1253 2348 quamuis
1315 2283 1480 2326 anno
1546 2274 1694 2326 ante
1754 2260 1924 2325 hunc
1982 2263 2277 2348 proximo

145 2350 378 2417 Bledla
424 2349 670 2415 Attilae
728 2350 949 2416 fratris
1008 2352 1107 2416 sui
1167 2351 1249 2415 sit
1307 2352 1689 2415 interemtus
1750 2349 2025 2435 insidiis,
2074 2349 2282 2415 Attila

145 2453 364 2505 tamen
410 2440 550 2526 ipse
594 2438 755 2504 adeo
801 2439 1220 2505 intolerabilis
1267 2439 1660 2527 reipublicae
1705 2441 2015 2503 remansit
2060 2437 2279 2524 hostis,

145 2539 212 2593 ut
260 2539 470 2595 totam
516 2550 682 2615 pene
711 2529 1043 2615 Europam
1075 2530 1306 2594 excisis
1352 2530 1725 2614 inuasisque
1767 2529 2136 2593 ciuitatibus
2183 2537 2277 2592 at-

147 2642 268 2705 que
301 2618 581 2683 castellis
614 2616 1012 2683 conroderet.
1077 2617 1246 2697 Quin
1279 2628 1343 2684 et
1376 2618 1618 2684 eisdem
1650 2618 2047 2704 temporibus
2079 2618 2281 2683 fames

147 2708 768 2794 Constantinopolim
815 2708 1076 2774 inuasit:
1125 2730 1244 2772 nec
1291 2729 1473 2771 mora
1510 2708 1709 2794 pestis
1743 2716 1965 2773 secuta
1996 2716 2119 2791 est3
2170 2706 2280 2772 sed

145 2806 205 2863 et
259 2798 530 2884 plurimi
585 2798 870 2863 eiusdem
922 2797 1100 2862 urbis
1153 2798 1320 2862 muri
1369 2818 1515 2861 cum
1562 2794 1757 2861 LVII
1812 2796 2098 2862 turribus
2146 2818 2279 2861 cor-

147 2895 444 2970 ruerunt3
511 2886 726 2951 multis
798 2908 1051 2972 quoque
1119 2886 1486 2951 ciuitatibus
1555 2885 1871 2971 conlapsis
1939 2885 2145 2950 fames
2215 2893 2280 2950 et

145 2998 367 3041 aerum
400 2975 672 3062 pestifer
706 2975 861 3039 odor
892 2977 1077 3062 plura
1121 2976 1451 3041 hominum
1498 2975 1675 3039 milia
1718 2977 2279 3062 iumentorumque

146 3066 403 3132 deleuit.

1162 3315 1262 3379 14.

158 3470 230 3527 vt
261 3473 601 3528 Brettones
636 3472 794 3527 fame
834 3472 1067 3527 famosa
1096 3473 1296 3527 coacti
1329 3472 1631 3527 barbaros
1666 3472 1797 3527 suis
1832 3485 1865 3527 e
1899 3470 2129 3525 finibus
2175 3484 2275 3540 pe·

161 3543 472 3611 pulerint3
509 3558 622 3599 nec
647 3557 842 3611 mora,
871 3543 1122 3611 frugum
1147 3544 1348 3611 copia,
1387 3542 1665 3611 luxuria,
1693 3540 2060 3611 pestilentia
2086 3541 2150 3596 et
2176 3556 2275 3596 ex-

685 3614 1044 3669 terminium
1080 3615 1288 3682 gentis
1326 3615 1606 3670 secutum
1643 3613 1753 3669 sit.

320 3775 580 3841 Interea
625 3775 967 3841 Brettones
1023 3776 1226 3842 fames
1281 3800 1396 3841 sua
1450 3776 1743 3863 praefata
1788 3777 1995 3860 magis
2041 3775 2275 3859 magis-

161 3885 272 3949 que
315 3864 643 3947 adficiens,
692 3888 769 3930 ac
815 3865 1055 3930 famam
1103 3888 1254 3931 suae
1286 3866 1573 3931 malitiae
1603 3867 1875 3953 posteris
1908 3864 2274 3930 diuturnam
