2723 4326
416 141 547 205 266
2357 137 2421 193 v.
2467 138 2559 217 19.

421 326 665 381 ceteros
728 316 810 380 ad
862 315 1086 379 horam
1143 313 1369 400 egredi
1429 321 1494 377 et
1547 312 1629 377 ad
1676 312 1899 378 Accan
1953 313 2409 399 presbyterum
2459 316 2557 379 ita

417 406 591 493 loqui
640 427 901 469 exorsus
951 415 1079 469 est:

597 492 797 558 ‘Visio
843 493 1000 557 mihi
1044 491 1234 557 modo
1279 489 1618 556 tremenda
1665 492 1980 575 apparuit,
2016 512 2207 576 quam
2229 500 2294 554 te
2324 489 2554 557 audire

417 606 494 648 ac
540 582 791 647 silentio
838 592 1063 668 tegere
1112 584 1289 665 uo10,
1358 580 1562 644 donec
1624 581 1857 661 sciam,
1920 579 2074 664 quid
2131 580 2211 644 de
2257 602 2364 643 me
2409 579 2555 645 fieri

417 672 574 737 uelit
621 670 795 735 deus.
890 671 1164 736 Adstitit
1198 670 1367 734 enim
1398 668 1556 732 mihi
1588 665 1847 753 quidam
1882 667 2151 733 candido
2181 668 2554 755 praeclarus

418 761 642 825 habitu
670 759 886 825 dicens
908 784 976 824 se
994 756 1380 824 Michaelem
1414 780 1554 821 esse
1585 754 2072 839 archangelum:
2129 768 2235 842 „et
2268 758 2348 822 ob
2381 756 2548 822 hoc“

418 852 624 936 inquit
676 852 943 935 „missus
976 870 1136 931 sum,
1187 856 1257 911 ut
1299 856 1365 910 te
1398 868 1435 909 a
1467 854 1674 909 morte
1706 867 2032 911 reuocem:
2083 844 2345 911 donauit
2378 849 2555 911 enim

419 940 536 1003 tibi
568 938 860 1004 dominus
906 940 1108 1001 uitam
1153 959 1272 1023 per
1304 936 1622 1000 orationes
1654 956 1732 998 ac
1762 934 2060 999 lacrimas
2093 934 2557 1021 discipulorum

420 1051 496 1092 ac
551 1028 824 1091 fratrum
882 1037 1139 1092 tuorum
1203 1034 1267 1089 et
1328 1046 1447 1109 per
1502 1025 2031 1088 intercessionem
2099 1024 2331 1089 beatae
2396 1048 2556 1089 suae

421 1118 764 1201 genetricis
828 1137 1207 1201 semperque
1265 1114 1538 1196 uirginis
1584 1111 1855 1176 Mariae.
1949 1110 2361 1199 Quapropter
2408 1112 2557 1178 dico

419 1207 559 1288 tibi,
609 1207 756 1290 quia
803 1204 993 1269 modo
1042 1202 1301 1289 quidem
1344 1203 1427 1266 ab
1474 1200 1845 1265 infirmitate
1877 1200 1999 1265 hac
2031 1202 2389 1285 sanaberis3
2439 1203 2558 1268 sed

419 1302 682 1379 paratus
730 1302 899 1377 estc,
960 1295 1112 1380 quia
1172 1300 1317 1378 post
1364 1288 1855 1375 quadriennium
1902 1300 2233 1355 reuertens
2276 1292 2556 1356 uisitabo

420 1392 520 1465 te3
568 1384 843 1468 patriam
890 1403 1043 1445 uero
1091 1381 1468 1466 perueniens
1513 1379 1863 1442 maximam
1908 1381 2382 1464 possessionum
2416 1390 2556 1446 tua-

420 1493 583 1553 rum,
633 1492 796 1556 quae
841 1470 961 1534 tibi
1004 1469 1258 1534 ablatae
1306 1477 1472 1551 sunt,
1520 1469 1883 1554 portionem
1929 1469 2197 1554 recipies
2245 1479 2441 1555 atque
2488 1472 2558 1534 in

420 1582 581 1645 pace
627 1558 966 1644 tranquilla
1010 1561 1214 1623 uitam
1257 1552 1720 1622 terminabis“'.
1801 1553 2142 1621 Oonualuit
2171 1559 2371 1641 igitur
2419 1560 2554 1644 epi-

422 1671 652 1735 scopus
722 1650 967 1712 cunctis
1057 1645 1486 1731 gaudentibus
1564 1668 1640 1709 ac
1709 1643 1829 1710 deo
1900 1647 2142 1730 gratias
2211 1647 2556 1731 agentibus

423 1748 782 1823 coeptoque
828 1738 1056 1801 itinere
1104 1736 1494 1799 Brittaniam
1539 1736 1737 1798 uenit.

598 1824 819 1890 Lectis
865 1835 1082 1890 autem
1132 1824 1442 1912 epistulis,
1494 1845 1653 1908 quas
1699 1823 1782 1887 ab
1829 1822 2177 1909 apostolico
2233 1845 2405 1909 papa
2447 1822 2557 1889 ad-

423 1924 710 1998 uexerat,
760 1912 1106 1979 Berctuald
1154 1913 1671 1997 archiepiscopus
1738 1920 1804 1976 et
1864 1910 2173 1977 Aedilred
2233 1912 2556 1997 quondam

422 2025 557 2086 rex,
604 2012 757 2067 tunc
802 2012 1020 2067 autem
1064 2002 1293 2086 abbas,
1358 2001 1780 2066 libentissime
1833 2000 2180 2068 faueruntt.
2225 2004 2334 2087 qui
2377 2002 2555 2067 uide-

420 2091 572 2156 licet
617 2091 928 2157 Aedilred
974 2094 1249 2157 accitum
1304 2089 1389 2155 ad
1443 2112 1512 2154 se
1567 2087 1987 2172 Ooinredum,
2054 2112 2244 2177 quem
2303 2112 2420 2178 pro
2485 2113 2554 2155 se

425 2204 647 2265 regem
695 2182 959 2263 fecerat,
1010 2183 1286 2246 amicum
1334 2182 1634 2266 episcopo
1667 2177 1808 2243 fieri
1841 2181 2027 2265 petiit
2064 2189 2129 2243 et
2160 2181 2550 2264 impetrauit.

421 2270 554 2338 Sed
599 2270 856 2336 Aldfrid
912 2268 1603 2356 Nordanhymbrorum
1660 2290 1778 2332 rex
1843 2291 1990 2332 eum
2038 2271 2360 2354 suscipere
2408 2292 2554 2335 con-

422 2363 640 2424 temsit
686 2383 805 2424 nec
851 2359 1042 2443 longo
1088 2370 1380 2444 tempore
1427 2356 1781 2442 superfuit:
1831 2357 1999 2421 unde
2031 2357 2276 2421 factum
2305 2366 2423 2441 est,
2458 2369 2551 2440 ut,

420 2460 738 2533 regnante
788 2447 1021 2514 Osredi
1068 2447 1198 2511 filio
1246 2449 1410 2530 eiUS,
1469 2469 1622 2509 mox
1682 2445 1926 2530 synodo
1978 2445 2152 2510 facta
2210 2447 2389 2509 iuxta
2436 2447 2552 2510 flu-

421 2541 599 2603 uium
649 2536 845 2621 Nidd,
892 2545 1039 2623 post
1084 2536 1485 2621 aliquantum
1529 2536 1864 2619 utriusque
1909 2535 2112 2620 partis
2161 2533 2550 2621 conflictum,

422 2626 683 2692 tandem
717 2629 961 2689 cunctis
992 2624 1357 2690 fauentibus
1388 2626 1456 2687 in
1486 2623 1925 2709 praesulatum
1957 2625 2039 2688 sit
2071 2646 2224 2687 suae
2255 2634 2554 2709 receptus

426 2715 753 2781 ecclesiae.
811 2714 1051 2800 Sicque
1098 2712 1242 2778 IIII
1287 2715 1489 2792 anniS,
1538 2712 1604 2776 id
1650 2722 1747 2775 est
1794 2734 1995 2798 usque
2026 2711 2106 2776 ad
2139 2711 2308 2776 diem
2341 2713 2556 2778 obitus

424 2807 541 2886 sui,
589 2807 791 2868 uitam
840 2803 1024 2868 duxit
1068 2805 1136 2867 in
1166 2825 1345 2888 pace.
1419 2801 1785 2865 Defunctus
1818 2811 1917 2865 est
1962 2811 2176 2865 autem
2221 2802 2287 2864 in
2333 2824 2553 2866 mona·

424 2894 619 2962 sterio
667 2915 802 2973 suo,
850 2890 1020 2977 quod
1053 2891 1333 2956 habebat
1381 2892 1448 2955 in
1488 2891 1821 2977 prouincia
1851 2888 2174 2954 Vndalum
2221 2890 2338 2954 sub
2384 2894 2555 2977 regi-

425 2984 599 3046 mine
624 2980 942 3046 Oudualdi
988 2980 1274 3063 abbatis3
1326 2989 1391 3043 et
1436 2980 1792 3043 ministerio
1839 2977 2110 3043 fratrum
2157 2979 2442 3064 perlatus
2489 2984 2555 3044 in

423 3073 703 3158 primum
752 3092 936 3133 suum
981 3071 1463 3149 monasterium,
1512 3066 1679 3153 quod
1725 3076 1991 3131 uocatur
2015 3065 2396 3155 Inhrypum,
2443 3092 2554 3156 po-

424 3163 581 3224 situs
630 3169 727 3224 est
773 3161 841 3223 in
887 3159 1159 3222 ecclesia
1203 3159 1378 3222 beati
1430 3156 1705 3243 apostoli
1751 3156 1929 3220 Petri
1983 3158 2164 3220 iuxta
2221 3157 2424 3222 altare
2471 3156 2555 3223 ad

426 3249 759 3331 Austrum,
807 3256 877 3311 ut
900 3255 962 3311 et
1011 3269 1203 3333 supra
1250 3247 1616 3329 docuimus3
1666 3255 1733 3309 et
1778 3245 1901 3309 hoc
1946 3245 2025 3310 de
2056 3245 2164 3308 illo
2197 3269 2391 3331 supra
2425 3248 2556 3333 epi-

426 3339 717 3424 taphium
766 3338 1105 3421 scriptum:

558 3425 871 3491 Vilfridus
915 3424 1019 3488 hic
1064 3446 1337 3508 magnus
1383 3423 1726 3508 requiescit
1773 3443 2041 3508 corpore
2087 3423 2362 3508 praesul,

556 3515 746 3580 Hanc
793 3515 1049 3578 domino
1099 3515 1209 3598 qui
1254 3512 1469 3576 aulam
1518 3511 1744 3575 ductus
1794 3511 2054 3597 pietatis
2101 3532 2320 3576 amore

557 3605 761 3687 Fecit,
811 3612 877 3667 et
925 3604 1157 3665 eximio
1208 3602 1488 3664 sacrauit
1532 3601 1793 3664 nomine
1838 3598 2038 3683 Petri,

558 3692 679 3756 Oui
728 3692 939 3754 claues
987 3691 1150 3754 caeli
1197 3687 1491 3753 Christus
1537 3686 1712 3752 dedit
1756 3688 1999 3752 arbiter
2046 3686 2248 3771 orbis3

560 3781 778 3864 Atque
828 3801 984 3842 auro
1032 3802 1109 3843 ac
1159 3777 1363 3864 Tyrio
1412 3776 1681 3841 deuotus
1727 3778 1947 3841 uestiit
1993 3786 2183 3840 ostr0.
