2723 4326
413 196 497 258 20
2377 195 2419 246 I.
2460 194 2541 248 12.

415 379 667 456 strages
717 369 893 435 dedit
940 392 1198 457 eosque,
1247 372 1356 456 qui
1403 369 1676 435 euadere
1722 380 2047 457 poterant,
2096 393 2321 436 omnes
2368 379 2542 435 trans

412 461 618 524 maria
651 459 919 544 fugauit,
964 461 1072 544 qui
1118 460 1295 546 prius
1329 461 1797 524 anniuersarias
1826 459 2098 547 praedas
2128 468 2303 524 trans
2342 462 2547 524 maria

411 548 586 614 nullo
632 549 986 613 obsistente
1026 571 1262 634 cogere
1303 547 1613 613 solebant.
1686 549 1857 613 Tum
1890 549 2164 614 Romani
2208 548 2543 613 denuntia-

414 660 571 702 uere
602 637 1020 702 Brettonibus
1066 661 1194 702 non
1240 660 1307 702 se
1352 637 1525 702 ultra
1570 637 1651 702 ob
1686 660 1907 702 eorum
1940 637 2379 703 defensionem
2410 647 2546 702 tam

412 727 748 792 laboriosis
794 726 1303 814 expeditionibus
1347 749 1539 813 posse
1584 726 1879 811 fatigari:
1928 729 2102 814 ipsos
2150 728 2365 813 potius
2413 749 2546 791 mo·

413 825 566 881 nent
618 838 800 881 arma
852 818 1176 902 corripere
1231 825 1296 880 et
1349 815 1639 881 certandi
1696 838 1841 880 cum
1910 815 2197 880 hostibus
2260 815 2547 881 studium

415 905 660 987 subire,
726 906 836 991 qui
892 928 1020 970 non
1073 906 1265 969 aliam
1313 905 1395 969 ob
1444 926 1731 988 causam,
1793 927 1985 991 quam
2042 908 2096 970 si
2139 906 2265 992 ipsi
2309 908 2549 971 inertia

415 995 836 1077 soluerentur,
885 995 976 1058 eis
1023 1002 1282 1080 possent
1323 1016 1463 1058 esse
1501 992 1820 1058 fortiores.
1890 991 2062 1072 Quin
2108 997 2325 1076 etiam,
2376 994 2549 1080 quod

417 1093 482 1148 et
527 1083 649 1148 hoc
696 1085 903 1168 sociis,
954 1105 1114 1169 quos
1161 1082 1604 1168 derelinquere
1635 1084 2050 1168 cogebantur,
2098 1083 2341 1172 aliquid
2375 1106 2551 1148 com-

415 1171 589 1238 modi
635 1171 996 1236 adlaturum
1044 1171 1376 1258 putabant,
1423 1195 1676 1236 murum
1723 1195 1764 1237 a
1807 1174 1972 1237 mari
2018 1170 2100 1236 ad
2144 1196 2323 1238 mare
2370 1182 2551 1238 recto

415 1264 674 1344 tramite
704 1263 873 1326 inter
901 1260 1114 1345 urbes,
1163 1282 1328 1346 quae
1358 1260 1600 1326 ibidem
1632 1260 1713 1325 ob
1746 1271 1990 1326 metum
2022 1261 2301 1326 hostium
2332 1261 2551 1327 factae

412 1351 701 1434 fuerant,
758 1351 871 1414 ubi
929 1360 994 1414 et
1041 1347 1320 1415 Seuerus
1369 1349 1689 1435 quondam
1736 1350 1975 1415 uallum
2022 1351 2295 1432 fecerat,
2360 1350 2551 1416 firmo

419 1438 500 1504 de
550 1437 766 1525 lapide
823 1439 1260 1503 conlocarunt:
1320 1461 1509 1524 quem
1571 1439 1877 1504 uidelicet
1934 1461 2187 1504 murum
2231 1440 2551 1506 hactenus

415 1528 734 1593 famosum
795 1537 990 1614 atque
1037 1530 1483 1614 conspicuum,
1549 1537 1765 1592 sumtu
1824 1528 2080 1615 publico
2140 1530 2549 1616 priuatoque,

416 1617 719 1682 adiuncta
777 1639 996 1682 secum
1045 1615 1498 1702 ,Brittanorum
1558 1640 1785 1700 manu,
1843 1618 2327 1700 construebant,
2385 1619 2555 1684 VIII

417 1705 614 1794 pedes
658 1707 862 1771 latum
910 1716 972 1771 et
1015 1705 1158 1772 XII
1203 1708 1435 1792 altum,
1490 1716 1670 1771 recta
1714 1706 1797 1772 ab
1844 1709 2087 1771 oriente
2132 1709 2199 1771 in
2245 1730 2552 1772 occasum

419 1798 618 1877 linea,
674 1805 746 1860 ut
791 1819 993 1882 usque
1037 1794 1226 1860 hodie
1272 1796 1670 1861 intuentibus
1717 1796 1960 1861 clarum
2009 1805 2137 1861 est:
2208 1819 2333 1882 quo
2396 1820 2555 1862 mox

423 1885 678 1950 condito
725 1884 880 1950 dant
924 1886 1118 1950 fortia
1163 1888 1347 1972 segni
1392 1885 1627 1971 populo
1674 1886 1947 1969 monita,
2008 1884 2321 1971 praebent
2369 1888 2551 1951 insti-

421 1975 802 2039 tuendorum
849 1974 1244 2062 exemplaria
1287 1996 1631 2039 armorum.
1697 1971 1829 2040 Sed
1859 1983 1926 2038 et
1970 1976 2036 2038 in
2080 1975 2267 2039 litore
2300 1973 2556 2040 Oceani

422 2063 506 2128 ad
551 2063 903 2147 meridiem,
953 2085 1078 2149 quo
1123 2085 1321 2128 naues
1370 2085 1589 2128 eorum
1636 2062 2059 2148 habebantur,
2110 2066 2261 2149 quia
2292 2073 2356 2128 et
2402 2066 2556 2130 inde

420 2153 841 2220 barbarorum
886 2155 1168 2239 inruptio
1215 2153 1598 2237 timebatur,
1663 2160 1873 2217 turres
1920 2177 2037 2239 per
2081 2153 2423 2219 interualla
2470 2153 2555 2220 ad

417 2253 832 2330 prospectum
871 2245 1065 2307 maris
1107 2242 1440 2326 collocant,
1490 2252 1553 2307 et
1596 2242 1961 2308 ualedicunt
2006 2245 2193 2307 sociis
2238 2253 2553 2330 tanquam

420 2334 590 2397 ultra
633 2355 762 2397 non
808 2334 1150 2398 reuersuri.

593 2420 839 2500 Quibus
885 2419 968 2485 ad
1015 2442 1129 2485 sua
1174 2420 1639 2502 remeantibus,
1688 2420 1949 2504 cognita
1997 2417 2205 2485 Scotti
2253 2421 2555 2508 Pictique

415 2510 660 2576 reditus
691 2510 1138 2594 denegatione,
1185 2509 1459 2574 redeunt
1504 2507 1838 2574 confestim
1887 2511 2010 2596 ipsi
2036 2518 2099 2573 et
2132 2509 2317 2575 solito
2354 2509 2550 2575 confi-

417 2598 736 2665 dentiores
782 2600 936 2663 facti
982 2620 1237 2663 omnem
1281 2598 1738 2685 Aquilonalem
1770 2606 2255 2684 extremamque
2300 2600 2555 2666 insulae

417 2697 668 2776 partem
726 2712 844 2775 pro
902 2687 1221 2773 indigenis
1267 2686 1350 2751 ad
1396 2710 1652 2751 murum
1697 2708 1899 2772 usque
1946 2697 2305 2773 capessunt.
2407 2687 2553 2755 Sta-

419 2779 621 2841 tuitur
665 2777 747 2842 ad
794 2778 954 2843 haec
998 2778 1066 2840 in
1111 2775 1283 2841 edito
1329 2778 1501 2841 acies
1548 2778 1793 2860 segnia,
1849 2776 1961 2840 ubi
2006 2779 2310 2842 trementi
2356 2778 2555 2843 corde

421 2863 678 2952 stupida
723 2865 826 2931 die
883 2875 1204 2952 noctuque
1263 2866 1611 2930 marcebat.
1702 2864 1795 2929 At
1852 2874 2075 2931 contra
2118 2888 2247 2930 non
2294 2876 2557 2932 cessant

419 2956 723 3019 uncinata
780 2954 1059 3019 hostium
1121 2955 1280 3019 tela:
1343 2955 1569 3038 ignaui
1630 2963 2143 3040 propugnatores
2188 2957 2556 3022 miserrime

422 3044 502 3109 de
547 3046 745 3107 muris
793 3046 984 3109 tracti
1038 3044 1171 3109 solo
1217 3042 1681 3108 adlidebantur.
1776 3041 1946 3122 Quid
2006 3042 2237 3131 plura?
2306 3046 2559 3110 relictis

421 3134 816 3198 ciuitatibus.
851 3157 925 3199 ac
979 3155 1163 3196 muro
1219 3132 1497 3217 fugiunt.
1591 3131 1962 3218 Insequitur
2008 3134 2237 3216 hostis,
2296 3132 2553 3200 adcele-

421 3232 644 3287 rantur
690 3232 942 3308 strages
992 3224 1234 3285 cunctis
1282 3220 1666 3286 crudeliores
1718 3222 2055 3307 prioribus.
2150 3220 2335 3288 Sicut
2382 3227 2559 3289 enim

422 3313 575 3397 agni
619 3335 658 3376 a
703 3312 885 3396 feriS,
952 3313 1043 3375 ita
1105 3312 1323 3375 miseri
1372 3312 1543 3376 ciues
1590 3311 2037 3396 discerpuntur
2094 3311 2177 3375 ab
2221 3309 2555 3379 hostibus:

422 3401 592 3465 unde
637 3424 677 3466 a
721 3400 1158 3466 mansionibus
1205 3423 1280 3465 ac
1335 3401 1859 3487 possessiunculis
1914 3403 2045 3465 suis
2093 3400 2280 3465 eiecti
2338 3404 2557 3468 immi-

423 3512 583 3554 nens
629 3490 753 3555 sibi
797 3492 984 3555 famis
1029 3490 1387 3575 periculum
1432 3490 1760 3555 latrocinio
1808 3511 1885 3553 ac
1930 3490 2282 3576 rapacitate
2329 3502 2564 3557 mutua

422 3580 894 3665 temperabant,
928 3588 1238 3663 augentes
1270 3587 1569 3643 externas
1602 3578 1966 3643 domesticis
2000 3580 2282 3643 motibus
2314 3579 2557 3665 cladeS‚

426 3665 628 3731 donec
675 3670 878 3733 omnis
936 3670 1117 3753 regio
1175 3670 1373 3731 totius
1421 3668 1547 3731 cibi
1603 3668 2055 3753 sustentaculO,
2120 3677 2392 3754 excepto
2442 3693 2556 3735 ue-

422 3756 619 3821 nandi
665 3757 927 3841 solacio,
976 3765 1380 3822 uacuaretur.
