2723 4326
140 216 223 268 V.
282 214 384 271 12.
2193 218 2323 281 249

144 392 475 458 nentium
524 401 590 456 et
636 393 1027 480 elimosynas
1088 401 1151 457 et
1209 393 1448 456 ieiunia
1508 402 1574 455 et
1631 392 1912 459 maxime
1975 394 2323 459 celebratio

142 483 547 565 missarum,
594 491 664 546 ut
696 484 893 547 etiam
926 490 1074 546 ante
1106 480 1279 546 diem
1308 480 1528 545 iudicii
1572 480 1943 567 liberentur,
1993 483 2316 549 adiuuant.

141 570 390 635 Porro
436 579 670 657 puteus
716 571 822 637 ille
870 570 1343 636 flammiuomus
1390 592 1467 634 ac
1512 568 1792 656 putidus,
1841 586 2034 656 quem
2082 572 2320 654 uidi-sti,

142 661 395 747 ipsum
430 668 529 723 est
558 682 629 724 os
653 659 1004 743 gehennae,
1051 660 1116 721 in
1150 680 1275 746 quo
1323 660 1712 746 quicumque
1760 659 1956 725 semel
2001 661 2318 747 inciderit,

142 770 516 834 nunquam
577 748 726 813 inde
788 748 1166 814 liberabitur
1224 748 1291 811 111
1348 770 1600 813 661111111.
1692 747 1904 813 Locus
1973 772 2127 814 uero
2197 753 2323 815 iste

146 838 445 921 florifer,
494 838 563 901 in
607 860 735 923 quo
779 837 1277 924 pulcherrimam
1325 836 1492 902 hanc
1535 839 1938 903 iuuentutem
1985 838 2320 905 iocundari

146 950 233 992 ac
287 926 557 1010 fulgere
603 926 939 1013 conspicis,
986 927 1125 1013 ipse
1173 936 1287 1010 est,
1334 927 1403 990 in
1449 947 1576 1012 quo
1622 926 2020 1014 recipiuntur
2066 930 2324 993 animae

151 1038 426 1098 eorum,
478 1016 588 1101 qui
618 1016 686 1079 in
711 1015 896 1080 bonis
944 1015 1205 1101 quidem
1250 1016 1556 1101 operibus
1601 1014 1683 1081 de
1731 1038 2002 1103 corpore
2049 1027 2330 1101 exeunt3
2399 1066 2406 1075 .

150 1128 297 1171 non
350 1113 574 1168 tamen
620 1113 768 1169 sunt
814 1111 1034 1169 tantae
1080 1104 1518 1191 perfectionis,
1569 1115 1640 1170 ut
1685 1107 1753 1171 111
1795 1126 2071 1191 regnum
2117 1106 2320 1173 caelo-

150 1217 313 1260 rum
366 1193 593 1258 statim
640 1202 1011 1258 mereantur
1056 1191 1405 1277 introduci3
1457 1195 1565 1279 qui
1597 1203 1815 1259 tamen
1863 1216 2082 1260 omnes
2119 1195 2186 1259 in
2217 1194 2322 1261 die

150 1282 398 1349 iudicii
448 1279 531 1347 ad
576 1282 888 1347 uisionem
938 1279 1179 1346 Christi
1228 1290 1292 1347 et
1348 1281 1586 1367 gaudia
1639 1285 1828 1369 regni
1883 1284 2177 1349 caelestis
2222 1287 2317 1349 in—

153 1372 465 1438 trabunt.
561 1370 734 1435 Nam
802 1373 1189 1458 quicumque
1250 1373 1316 1435 in
1378 1374 1553 1438 omni
1611 1372 1813 1437 uerbo
1875 1382 1940 1437 et
2000 1396 2194 1461 opere
2253 1382 2322 1439 et

152 1461 570 1547 cogitatione
614 1460 885 1546 perfecti
928 1469 1095 1545 sunt,
1156 1480 1309 1524 mox
1355 1458 1436 1525 de
1481 1483 1751 1548 corpore
1798 1464 2039 1547 egressi
2098 1460 2183 1528 ad
2223 1485 2320 1527 re·

155 1573 379 1638 gnum
430 1550 710 1614 caeleste
755 1550 1165 1636 perueniunt:
1215 1548 1297 1613 ad
1331 1550 1511 1614 cuius
1557 1552 1771 1615 uicina
1813 1553 2097 1637 pertinet
2141 1551 2324 1617 locus

154 1640 293 1725 ille,
345 1638 471 1703 ubi
518 1660 743 1703 sonum
788 1637 1145 1703 cantilenae
1194 1636 1396 1702 dulcis
1444 1660 1588 1703 cum
1636 1638 1830 1705 odore
1877 1641 2213 1705 suauitatis
2243 1662 2322 1705 66

159 1727 522 1817 splendore
566 1728 726 1792 lucis
772 1728 1026 1793 audisti.
1109 1725 1215 1790 Tu
1260 1737 1499 1811 autem,
1547 1728 1700 1814 quia
1743 1749 1912 1793 nunc
1958 1726 2043 1792 ad
2088 1750 2324 1815 corpus

156 1818 419 1884 reuerti
471 1825 536 1881 et
579 1838 835 1881 rursum
882 1818 1049 1881 inter
1103 1814 1395 1881 homines
1459 1816 1679 1881 uiuere
1742 1814 1964 1899 (161166,
2025 1818 2079 1881 61
2137 1827 2323 1883 actus

157 1918 312 1973 tuos
352 1906 701 1982 -curiosius
761 1904 1083 1971 discutere
1144 1914 1210 1969 et
1268 1926 1479 1969 mores
1539 1928 1992 1993 sermonesque
2051 1915 2196 1971 tuos
2253 1908 2320 1970 in

160 1993 571 2063 rectitudine
618 2017 692 2059 ac
739 1995 1147 2081 simplicitate
1208 2016 1468 2059 seruare
1516 1993 1862 2079 studueris,
1927 1997 2204 2083 accipies
2252 2006 2317 2061 et

160 2087 305 2174 ipse
356 2092 515 2172 post
560 2093 834 2149 mortem
876 2085 1089 2150 locum
1134 2083 1481 2147 mansionis
1525 2085 1695 2149 inter
1739 2083 1919 2171 11666,
1975 2107 2137 2172 quae
2184 2108 2318 2150 cer-

158 2177 287 2260 nis,
336 2173 611 2260 agmina
639 2172 1029 2240 laetabunda
1058 2174 1398 2259 spirituum
1422 2173 1776 2243 beatorum.
1839 2174 2140 2262 Namque
2170 2197 2312 2260 ege,

162 2286 317 2330 cum
365 2261 456 2328 ad
501 2273 756 2351 tempus
803 2263 1257 2329 abscessissem
1304 2285 1343 2326 a
1389 2272 1481 2346 te,
1530 2263 1611 2328 ad
1657 2262 1778 2328 hoc
1823 2265 1968 2349 feci,
2014 2273 2104 2345 ut,
2161 2263 2318 2350 quid

164 2353 247 2419 de
278 2361 349 2417 te
372 2351 521 2417 fieri
566 2351 851 2436 deberet,
899 2348 1385 2437 agnoscerem.“
1448 2349 1632 2417 Η666
1661 2351 1823 2417 1111111
1853 2373 2000 2418 611111
2029 2351 2318 2435 dixisset,

161 2443 455 2507 multum
530 2440 888 2506 detestatus
952 2463 1095 2504 sum
1158 2441 1400 2505 reuerti
1465 2441 1551 2506 ad
1615 2463 1848 2529 corpus
1867 2493 1886 2526 ,
1963 2440 2338 2528 delectatus·

164 2532 483 2596 nimirum
546 2530 867 2595 suauitate
914 2551 991 2594 66
1038 2528 1269 2594 (166016
1313 2529 1438 2593 1061
1485 2530 1680 2612 1111116,
1744 2553 1934 2618 quem
1995 2530 2314 2612 intuebar,

167 2620 363 2684 simul
428 2629 497 2684 et
558 2621 878 2684 consortio
940 2640 1189 2701 eorum,
1257 2640 1418 2704 quos
1464 2620 1532 2684 in
1591 2619 1700 2683 illo
1760 2619 2082 2685 uidebam.
2174 2619 2318 2685 Nec

166 2715 393 2774 tamen
442 2707 689 2794 aliquid
726 2707 1063 2773 ductorem
1092 2729 1310 2772 meum
1338 2728 1574 2791 rogare
1605 2707 1952 2793 audebam3
2001 2707 2114 2773 sed
2144 2708 2318 2774 inter

165 2797 330 2861 haec
376 2799 599 2862 nescio
648 2819 775 2883 quo
822 2794 1042 2861 ordine
1089 2806 1358 2883 repente
1392 2818 1495 2860 me
1541 2797 1708 2862 inter
1753 2796 2046 2862 homines
2093 2798 2316 2863 uiuere

169 2886 407 2952 cerno.'

350 2973 545 3041 Η666
591 2983 656 3039 61
700 2975 857 3058 alia,
926 2996 1092 3061 quae
1151 2974 1438 3059 uiderat,
1503 2973 1675 3040 idem
1735 2975 1836 3039 uir
1895 2973 2135 3041 domini
2187 2998 2315 3040 non

174 3064 475 3129 omnibus
522 3064 763 3150 passim
806 3061 1144 3128 desidiosis
1182 3087 1256 3128 ac
1287 3065 1461 3128 uitae
1493 3085 1646 3129 suae
1692 3065 2027 3130 incuriosis
2072 3064 2318 3130 referre

172 3153 467 3236 uolebat,
516 3151 631 3218 sed
676 3151 801 3217 illis
845 3151 1241 3218 solummodo
1250 3204 1269 3238 ,
1318 3153 1430 3239 qui
1474 3152 1582 3218 uel
1626 3162 2094 3218 tormentorum
2137 3163 2316 3218 metu

172 3243 514 3325 perterriti
576 3242 683 3307 uel
750 3263 864 3328 spe
931 3239 1314 3326 gaudiorum
1383 3243 1762 3328 perennium
1828 3242 2127 3307 delectati
2171 3262 2314 3329 pro-

178 3327 421 3394 fectum
470 3330 731 3417 pietatis
763 3351 844 3394 ex
876 3331 1011 3394 eius
1057 3331 1274 3395 uerbis
1320 3328 1582 3397 haurire
1628 3329 1952 3398 uolebant.
2016 3330 2316 3418 Denique

168 3417 243 3480 in
272 3420 519 3484 uicinia
548 3419 748 3485 cellae
776 3419 944 3484 illius
975 3418 1312 3486 habitabat
1352 3419 1617 3505 quidam
1663 3420 2013 3486 monachus
2058 3422 2320 3485 nomine

181 3503 525 3593 Haemgils
536 3558 553 3592 ,
614 3508 1099 3596 presbyteratus
1160 3511 1355 3574 etiam
1369 3557 1386 3587 ‚
1448 3531 1640 3595 quem
1684 3510 1866 3575 bonis
1912 3509 2162 3575 actibus
2208 3509 2316 3574 ad-

182 3598 533 3682 aequabat,
580 3595 786 3682 gradu
832 3592 1305 3684 praeeminens,
1357 3599 1469 3683 qui
1514 3597 1723 3663 adhuc
1768 3608 2088 3685 superest,
2139 3606 2203 3663 et
2248 3599 2316 3661 in

185 3680 505 3751 Hibernia
572 3687 779 3752 insula
846 3684 1166 3751 solitarius
1234 3687 1526 3752 ultimam
1589 3687 1760 3752 uitae
1824 3696 2103 3752 aetatem
2149 3709 2318 3773 pane
2398 3759 2401 3762 ,

187 3770 424 3838 cibario
475 3785 541 3840 et
586 3773 822 3860 frigida
876 3798 1043 3863 aqua
1104 3783 1439 3841 sustentat.
1531 3773 1662 3840 Hic
1721 3778 1973 3862 saepius
2028 3774 2111 3841 ad
2167 3797 2318 3841 eun·

191 3857 333 3926 dem
362 3865 574 3929 uirum
604 3864 971 3950 ingrediens
1003 3862 1249 3929 audiuit
1270 3865 1355 3930 ab
1375 3887 1451 3929 eo
1483 3865 1760 3951 repetita
1791 3863 2317 3950 interrogatione,
