2723 4326
152 210 250 262 ΙΙΙ.
291 210 377 264 25.
2167 206 2294 273 147

156 386 331 451 diem
409 394 632 451 contra
708 383 1088 449 uniuersalis
1164 384 1471 451 ecclesiae
1548 408 1795 451 morem
1871 384 2295 449 celebrarent.

153 475 323 540 Erat
367 476 435 539 in
480 475 579 538 his
626 475 979 538 acerrimus
1028 475 1167 537 ueri
1212 474 1494 561 paschae
1541 474 1842 540 defensor
1887 475 2144 538 nomine
2173 473 2290 536 Ro-

154 586 316 647 nan,
370 565 637 628 natione
684 563 947 648 quidem
994 559 1284 648 Scottus,
1343 565 1457 629 sed
1500 567 1569 629 in
1615 563 1869 631 Galliae
1915 562 2021 628 uel
2066 561 2300 627 Italiae

152 653 453 740 partibus
526 652 822 737 regulam
896 651 1368 719 ecclesiasticae
1435 656 1730 719 ueritatis
1793 652 2077 718 edoctus.
2168 648 2298 729 Qui

157 765 307 807 cum
354 741 604 806 Finano
653 740 1035 825 confligens,
1098 740 1331 806 multos
1394 745 1652 829 quidem
1713 742 1993 807 correxit
2049 740 2156 805 uel
2214 738 2300 803 ad

156 832 563 897 solertiorem
616 832 908 894 ueritatis
968 831 1451 915 inquisitionem
1507 832 1826 898 accendit:
1887 851 2295 916 nequaquam

154 930 378 985 tamen
416 919 737 984 Finanum
784 917 1129 984 emendare
1174 922 1410 1007 potuit3
1460 924 1614 1008 quin
1644 923 1876 1009 potius,
1927 919 2098 1006 quod
2130 929 2302 982 esset

154 1010 348 1073 homo
408 1008 640 1074 ferocis
699 1010 924 1091 animi,
986 1010 1385 1075 acerbiorem
1449 1010 1826 1097 castigando
1881 1018 1946 1073 et
2001 1017 2297 1094 apertum

155 1099 454 1163 ueritatis
501 1096 946 1162 aduersarium
990 1098 1289 1164 reddidit.
1379 1098 1792 1166 Obseruabat
1835 1107 2054 1162 autem
2099 1096 2300 1162 Iacob

158 1188 469 1252 diaconus
516 1186 862 1273 quondam,
910 1196 982 1250 ut
1019 1210 1215 1274 supra
1260 1187 1613 1275 docuimus,
1661 1186 2049 1254 uenerabilis
2093 1185 2300 1251 archi·

158 1277 447 1363 episcopi
486 1275 765 1357 Paulini,
814 1298 1037 1339 uerum
1085 1286 1151 1342 et
1197 1278 1582 1345 catholicum
1627 1277 1867 1366 pascha
1912 1298 2056 1339 cum
2103 1277 2301 1339 omni-

158 1366 315 1448 bus,
382 1386 539 1450 quos
598 1363 680 1429 ad
727 1366 1179 1431 correctiorem
1242 1370 1418 1432 uiam
1481 1366 1733 1434 erudire
1801 1373 2074 1453 poterat.
2169 1361 2302 1429 Ob-

161 1454 471 1519 seruabat
517 1464 580 1519 et
623 1455 853 1538 regina
883 1452 1155 1521 Eanfled
1202 1478 1348 1521 cum
1396 1460 1545 1541 suis,
1591 1459 1776 1541 iuxta
1821 1452 1991 1541 quod
2035 1455 2102 1517 in
2134 1450 2300 1517 Can-

157 1544 255 1608 tia
314 1542 458 1607 fieri
515 1541 795 1627 uiderat,
858 1542 1103 1608 habens
1164 1567 1382 1610 secum
1429 1544 1512 1611 de
1557 1544 1790 1611 Cantia
1845 1543 2303 1631 presbyterum

162 1632 521 1699 catholicae
580 1632 1076 1715 obseruationiS,
1134 1636 1396 1699 nomine
1454 1635 1851 1700 Romanum:
1914 1631 2084 1697 unde
2143 1654 2300 1695 non-

158 1742 515 1807 numquam
560 1723 907 1806 contigisse
942 1722 1147 1786 fertur
1166 1724 1301 1787 illis
1338 1725 1758 1811 temporibus,
1803 1730 1876 1786 ut
1905 1722 2006 1785 bis
2035 1723 2104 1785 in
2133 1741 2302 1785 anno

158 1833 289 1876 uno
336 1810 577 1897 pascha
624 1810 1060 1875 celebraretur
1077 1862 1094 1896 ,
1162 1822 1227 1877 et
1274 1834 1422 1877 cum
1464 1835 1583 1878 rex
1629 1811 1872 1899 pascha
1914 1811 2306 1875 dominicum

163 1901 391 1965 solutis
431 1899 687 1965 ieiuniis
751 1899 1024 1984 faceret,
1084 1909 1221 1966 tum
1284 1904 1515 1988 regina
1575 1925 1720 1966 cum
1768 1902 1898 1966 suis
1955 1900 2308 1986 persistens

161 1988 375 2054 adhuc
419 1990 488 2053 in
515 1990 753 2054 ieiunio
800 1989 973 2054 diem
1018 1990 1380 2076 palmarum
1429 1990 1807 2057 celebraret.
1867 1988 2054 2053 Haec
2085 1998 2307 2053 autem

164 2078 556 2143 dissonantia
598 2076 921 2166 paschalis
966 2081 1418 2145 obseruantiae
1460 2084 1720 2145 uiuente
1751 2076 2006 2144 Aidano
2053 2078 2308 2163 patien-

162 2180 260 2233 ter
306 2170 391 2234 ab
437 2169 731 2232 omnibus
793 2169 1221 2256 tolerabatur,
1292 2173 1403 2258 qui
1469 2181 1768 2257 patenter
1830 2167 2304 2249 intellexerant,

165 2259 337 2345 quia,
384 2259 505 2322 etsi
549 2256 791 2344 pascha
838 2269 1062 2324 contra
1106 2283 1354 2326 morem
1403 2283 1650 2341 eorum,
1699 2261 1810 2346 qui
1856 2260 2068 2344 ipsum
2115 2257 2305 2320 mise-

164 2359 332 2429 rant,
380 2347 594 2412 facere
639 2368 766 2411 non
811 2351 1038 2434 potuit,
1087 2373 1284 2436 opera
1328 2359 1550 2414 tamen
1593 2347 1763 2430 fidei,
1812 2347 2072 2434 pietatis
2119 2355 2183 2410 et
2215 2343 2306 2408 di-

162 2437 485 2518 lectionis,
544 2437 729 2500 iuxta
772 2459 1019 2503 morem
1066 2440 1361 2505 omnibus
1407 2440 1646 2504 sanctis
1702 2444 2105 2519 consuetum,
2167 2433 2303 2498 dili-

166 2534 397 2610 genter
464 2527 727 2611 exsequi
792 2530 1060 2593 curauit.
1152 2528 1342 2594 Vnde
1395 2529 1480 2593 ab
1527 2528 1822 2593 omnibus
1834 2579 1852 2612 ,
1925 2527 2122 2590 etiam
2179 2522 2305 2607 his,

166 2617 277 2701 qui
324 2614 407 2679 de
450 2614 691 2701 pascha
734 2615 922 2680 aliter
968 2618 1358 2701 sentiebant,
1421 2619 1653 2682 merito
1698 2615 2118 2702 diligebatur:
2182 2633 2305 2677 nec

164 2706 372 2770 solum
418 2726 457 2768 a
501 2702 960 2788 mediocribus,
1020 2729 1247 2772 uerum
1304 2707 1388 2772 ab
1432 2709 1454 2769 i
1503 2707 1590 2772 sis
1650 2728 1903 2793 quoque
1963 2703 2302 2790 episcopie,

166 2793 458 2858 Honorio
518 2791 1017 2860 Cantuariorum
1075 2805 1139 2861 et
1186 2796 1404 2862 Felice
1437 2729 1870 2862 grientalium
1917 2792 2302 2877 Anglorum,

168 2884 569 2949 uenerationi
612 2883 870 2948 habitus
919 2894 1037 2950 est.

345 2973 675 3038 Defuncto
724 2985 941 3041 autem
988 2974 1236 3040 Finano
1250 3024 1267 3056 ,
1330 2977 1440 3063 qui
1499 2983 1646 3062 post
1703 2974 1884 3037 illum
1943 2971 2096 3055 fuit,
2159 2991 2306 3033 cum

170 3059 517 3128 Colmanus
564 3064 631 3128 in
690 3065 1133 3152 episcopatum
1192 3065 1597 3148 succederet,
1665 3072 1730 3128 et
1789 3063 1928 3149 ipse
1987 3061 2221 3124 missus
2266 3079 2307 3121 a

170 3151 447 3235 Scottia,
509 3155 771 3236 grauior
818 3154 897 3219 de
944 3154 1392 3220 obseruatione
1437 3151 1716 3240 paschae
1772 3173 1892 3216 nec
1936 3170 2064 3214 non
2111 3157 2178 3212 et
2225 3145 2306 3211 de

170 3242 308 3306 aliis
356 3242 831 3309 ecclesiasticae
874 3246 1050 3309 uitae
1096 3242 1446 3330 disciplinis
1503 3241 1940 3306 controuersia
1985 3246 2139 3302 nata
2185 3245 2304 3304 est.

171 3330 357 3396 Vnde
416 3333 624 3396 mouit
683 3332 845 3398 haec
910 3335 1200 3420 quaestio
1266 3353 1491 3398 sensus
1555 3341 1620 3397 et
1680 3327 1875 3394 corda
1933 3327 2306 3406 multorum,

172 3420 563 3506 timentium,
620 3444 705 3487 ne
750 3422 917 3488 forte
963 3433 1228 3510 accepto
1276 3420 1776 3487 Christianitatis
1836 3416 2179 3499 uocabu10,
2241 3416 2309 3478 in

174 3532 449 3576 uacuum
496 3520 829 3577 currerent
873 3524 984 3578 aut
1032 3514 1482 3580 cucurrissent.
1544 3509 1851 3574 Peruenit
1896 3515 1962 3572 et
2005 3505 2089 3570 ad
2134 3506 2308 3590 ipsas

176 3601 535 3686 principum
580 3620 789 3684 aures,
839 3600 1046 3668 Osuiu
1087 3601 1394 3666 uidelicet
1437 3601 1612 3683 regis
1660 3607 1725 3662 et
1769 3596 1886 3661 filii
1931 3597 2068 3660 eius
2115 3591 2311 3658 Alch-

177 3689 339 3755 fridi.
434 3688 566 3768 Qui
609 3692 917 3757 nimirum
962 3689 1167 3757 Osuiu
1213 3714 1253 3755 a
1296 3689 1540 3756 Scottis
1587 3686 1851 3753 edoctus
1896 3707 1974 3750 ac
2017 3684 2307 3769 baptiza·
2341 3761 2345 3766 ἡ

178 3787 295 3861 tus,
342 3779 600 3844 illorum
630 3782 827 3846 etiam
854 3782 1077 3866 lingua
1109 3782 1351 3869 optime
1383 3779 1665 3860 inbutus,
1696 3777 1787 3840 nil
1817 3773 2066 3858 meliust,
2113 3793 2309 3859 quam

184 3867 346 3952 quod
376 3869 470 3934 illi
500 3870 884 3954 docuissent,
917 3871 1323 3954 autumabat3
1372 3890 1566 3955 porro
1598 3863 1893 3930 Alchfrid
1925 3864 2309 3948 magistrum
