2723 4326
395 220 527 286 236
2215 182 2220 187 ’
2376 215 2441 267 v.
2481 218 2532 269 7.

1439 538 1498 603 7.

396 695 476 752 vt
502 694 833 753 caedualla
857 708 972 749 rex
998 693 1490 750 OccidentaHum
1517 692 1822 748 Saxonum
1848 690 2256 759 baptizandus
2283 691 2534 744 Romam

396 783 678 840 uenerite
734 784 841 838 sed
880 782 945 838 et
983 796 1305 839 successor
1342 782 1480 838 eius
1517 782 1618 836 Ini
1659 781 1869 836 eadem
1915 781 2238 835 beatorum
2285 780 2531 847 aposto·

938 871 1142 927 lorum
1180 871 1401 926 limIna
1439 870 1702 926 deuotus
1741 869 1998 926 adierit.

579 1012 768 1079 Anno
840 1025 1054 1080 autem
1124 1017 1311 1099 regni
1374 1012 1653 1078 Aldfridi
1722 1014 1912 1077 tertio
1984 1010 2332 1077 Caedualla
2415 1034 2532 1076 rex

408 1102 918 1171 occidentalium
964 1102 1291 1171 Saxonum
1312 1154 1329 1188 ,
1401 1125 1547 1167 cum
1609 1104 1791 1187 genti
1857 1124 2010 1166 suae
2057 1101 2304 1166 duobus
2352 1103 2534 1165 annis

400 1194 841 1259 strenuissime
887 1202 1244 1280 praeesset,
1305 1192 1532 1256 relicto
1576 1193 1847 1277 imperio
1895 1200 2162 1277 propter
2206 1189 2534 1254 dominum

400 1304 805 1367 regnumque
853 1290 1268 1368 perpetuum,
1319 1282 1495 1344 uenit
1549 1280 1854 1361 Romam,
1921 1279 2044 1344 hoc
2103 1279 2225 1342 sibi
2289 1279 2534 1363 gloriae

402 1371 742 1455 singularis
810 1367 1178 1435 desiderans
1245 1368 1546 1456 adipisci,
1625 1378 1696 1433 ut
1765 1368 1846 1433 ad
1911 1370 2136 1433 limina
2197 1369 2535 1433 beatorum

402 1459 837 1547 apostolorum
883 1458 1062 1523 fonte
1108 1458 1515 1545 baptismatis
1561 1459 1948 1541 ablueretur,
1975 1460 2041 1522 in
2086 1479 2211 1544 quo
2259 1457 2394 1521 solo
2441 1457 2532 1521 di·

405 1548 653 1613 dicerat
708 1548 932 1632 generi
996 1544 1275 1612 humano
1328 1557 1552 1635 patere
1599 1550 1772 1612 uitae
1819 1546 2113 1611 caelestis
2158 1548 2527 1610 introitum:

292 1644 298 1651 '
406 1637 597 1701 simul
643 1638 837 1701 etiam
884 1658 1170 1723 speram,
1221 1658 1372 1723 qula
1415 1658 1568 1701 mox
1614 1636 2000 1722 baptizatus,
2050 1657 2244 1700 carne
2290 1637 2534 1700 solutus

404 1724 486 1790 ad
531 1734 797 1790 aeterna
840 1723 1076 1810 gaudia
1106 1728 1236 1790 iam
1269 1725 1542 1790 mundus
1573 1726 1912 1790 transiret:
1962 1724 2132 1811 quod
2162 1733 2530 1809 utrumque,

404 1823 477 1879 ut
521 1824 735 1879 mente
782 1812 1182 1901 disposuerat
1203 1864 1221 1897 ,
1292 1814 1550 1880 domino
1620 1816 1883 1879 iuuante
1952 1834 2094 1878 com
2141 1810 2341 1877 letum
2414 1822 2530 1877 est.

402 1903 662 1968 Etenim
708 1902 818 1967 illo
862 1906 1241 1991 perueniens
1265 1955 1283 1987 ,
1321 1902 1766 1990 pontificatum
1810 1911 2048 1987 agente
2094 1836 2324 1987 §argio
2342 1951 2359 1982 ,
2424 1901 2534 1965 ba-

405 1992 685 2078 ptizatus
716 2001 812 2057 est
844 1991 946 2057 die
977 2002 1199 2058 sancto
1247 1993 1497 2057 sabbati
1544 1989 1861 2079 paschalis
1907 2012 2072 2055 anno
2117 1990 2199 2056 ab
2239 1993 2531 2055 incarna-

404 2082 577 2145 tione
622 2079 861 2145 domini
906 2081 1054 2148 DO⁰
1101 2080 1375 2145 LXXX⁰
1424 2079 1684 2146 V111102
1735 2090 1800 2146 et
1845 2081 1912 2144 in
1955 2080 2120 2145 albis
2165 2077 2374 2145 adhuc
2419 2100 2532 2166 po-

404 2173 585 2254 situs,
632 2171 942 2255 languore
990 2179 1355 2258 correptus,
1417 2170 1793 2235 duodecimo
1839 2168 2280 2236 Kalendarum
2327 2167 2529 2233 Maia-

402 2282 548 2324 rum
596 2257 697 2324 die
728 2261 970 2324 solutus
1030 2283 1069 2324 a
1127 2282 1321 2324 carne
1370 2269 1435 2325 et
1479 2260 1814 2325 beatorum
1861 2268 1957 2325 est
2002 2280 2203 2343 regno
2251 2260 2532 2323 sociatus

404 2351 473 2413 in
519 2349 729 2414 caelis.
832 2347 954 2413 Oui
998 2350 1191 2413 etiam
1238 2357 1532 2436 tempore
1577 2348 1976 2434 baptismatis
2013 2369 2186 2435 papa
2213 2367 2529 2412 memora-

404 2447 509 2502 tus
555 2436 735 2501 Petri
778 2458 1011 2501 nomen
1055 2439 1486 2523 imposuerat,
1546 2446 1617 2501 ut
1671 2439 2036 2502 beatissimo
2097 2435 2534 2523 apostolorum

403 2526 709 2614 principi,
772 2526 855 2590 ad
902 2526 1081 2590 cuius
1126 2527 1628 2591 sacratissimum
1676 2548 1904 2614 corpus
1951 2549 1992 2590 a
2032 2522 2268 2590 finibus
2313 2533 2532 2590 terrae

404 2617 513 2703 pio
558 2613 787 2679 ductus
833 2636 1053 2680 amore
1098 2623 1386 2699 uenerat,
1437 2617 1632 2680 etiam
1678 2616 1953 2680 nominis
1983 2615 2184 2701 ipsius
2212 2615 2533 2678 consortio

404 2707 811 2788 iungeretur:
875 2705 985 2790 qui
1029 2705 1096 2767 in
1142 2706 1277 2768 eius
1324 2725 1578 2789 quoque
1623 2703 1892 2770 ecclesia
1937 2703 2223 2789 sepultus
2268 2712 2396 2767 est:
2463 2711 2529 2768 et

406 2793 667 2858 iubente
712 2791 1016 2878 pontifice
1062 2793 1459 2880 epitaphium
1490 2795 1555 2857 in
1589 2795 1723 2858 eius
1753 2800 2165 2857 monumento
2198 2792 2532 2878 scriptum,

406 2882 472 2945 in
519 2902 644 2966 quo
692 2890 755 2945 et
800 2882 1111 2946 memoria
1156 2880 1514 2947 deuotionis
1559 2883 1760 2969 ipsius
1805 2881 1936 2946 fixa
1967 2902 2082 2967 per
2113 2879 2371 2945 saecula
2400 2903 2532 2944 ma-

406 2978 611 3053 neret,
684 2978 749 3034 et
792 2970 1084 3055 legentes
1130 2992 1384 3056 quoque
1431 2970 1536 3034 uel
1582 2970 1916 3036 audientes
1964 2969 2329 3058 exemplum
2376 2968 2532 3033 facti

407 3058 488 3123 ad
516 3056 813 3211 dstudium
860 3059 1189 3145 religionis
1236 3057 1632 3124 accenderet.
1728 3058 2057 3147 Scriptum
2092 3069 2189 3123 est
2221 3080 2378 3143 ergo
2411 3057 2537 3122 hoc

405 3169 511 3212 mo
560 3170 625 3211 o:

495 3235 807 3320 ‘Culmen,
858 3257 1032 3323 opes,
1082 3236 1392 3319 subolem,
1439 3236 1745 3322 pollentia
1789 3257 2011 3321 regna,
2060 3234 2440 3323 triumphos,

584 3324 893 3408 Exuuias,
938 3346 1259 3410 proceres,
1306 3327 1580 3410 moenia,
1627 3333 1858 3410 castra,
1903 3326 2102 3409 lares,

495 3412 804 3499 Quaeque
843 3422 1107 3499 patrum
1152 3414 1381 3498 uirtus,
1430 3424 1493 3477 et
1539 3434 1704 3500 quae
1748 3422 2162 3498 congesserat
2206 3415 2345 3499 ipse

584 3501 868 3568 caedual
908 3504 1323 3588 armipotens,
1371 3503 1557 3589 liquit
1601 3524 1821 3568 amore
1866 3503 1995 3586 dei3

493 3591 587 3656 Vt
632 3591 897 3657 Petrum
944 3589 1290 3678 sedemque
1337 3590 1518 3656 Petri
1562 3613 1679 3656 rex
1725 3601 2019 3657 cerneret
2062 3591 2317 3678 hospes,

586 3678 782 3744 Cuius
828 3678 1004 3744 fonte
1050 3703 1259 3746 meras
1306 3688 1592 3745 sumeret
1634 3681 1840 3746 almus
1884 3700 2104 3766 aquas,

498 3764 1083 3854 Splendificumque
1128 3771 1312 3834 iubar
1356 3767 1635 3834 radianti
1681 3779 1974 3856 carperet
2019 3768 2271 3853 haustu,

588 3854 692 3916 Ex
736 3877 861 3940 quo
906 3855 1197 3922 uiuificus
1242 3857 1460 3942 fulgor
1502 3858 1740 3943 ubique
1784 3857 1942 3923 fluit.
