2723 4326
175 198 265 251 111.
304 196 530 251 29—30.
1180 275 1186 280 ,
2176 197 2301 261 161

182 372 524 461 „Quaerite
570 376 852 460 primum
896 395 1171 458 regnum
1217 370 1321 437 dei
1370 381 1437 438 et
1479 374 1786 440 iustitiam
1838 376 1993 458 eius,
2042 384 2105 440 et
2146 374 2307 440 haec

181 465 388 528 omnia
441 461 799 528 adicientur
852 459 1098 527 uobis.“
1193 461 1520 527 Nimirum
1576 466 1749 528 enim
1806 465 2057 550 quaerit
2104 473 2169 528 et
2214 466 2307 529 in-

181 553 473 640 petrauit,
523 561 586 616 et
619 554 928 634 eiomnes
960 574 1114 616 suae
1143 551 1405 635 insulae,
1454 563 1525 616 ut
1570 562 1883 639 optamus,
1932 551 2305 618 subdentur.

181 643 456 706 Paterno
512 641 730 727 itaque
791 640 1025 706 affectu
1087 640 1438 705 salutantes
1492 652 1775 706 uestram
1836 642 2307 728 excellentiam,

183 729 460 795 diuinam
505 753 849 817 precamur
893 731 1133 816 iugiter
1180 730 1616 813 clementiam,
1664 753 1829 817 quae
1874 754 1990 796 uos
2034 741 2307 796 uestros·

27 863 39 920 ι
181 842 302 906 que
351 841 571 884 omnes
617 822 687 884 in
726 819 1020 884 omnibus
1064 821 1252 885 bonis
1297 819 1597 905 operibus
1645 821 1941 885 auxiliari
1986 821 2308 906 dignetur,

180 920 248 974 ut
301 931 449 974 cum
499 907 755 973 Christo
810 911 875 972 in
930 909 1146 973 futuro
1201 911 1487 993 regnetis
1543 909 1817 975 saeculo.
1910 909 2309 974 Incolumem

183 997 628 1063 excellentiam
673 1007 960 1062 uestram
1005 997 1218 1081 gratia
1265 1019 1543 1084 superna
1590 998 1947 1064 custodiat.’

28 1155 31 1170 Ι
354 1085 516 1165 Quis
574 1108 725 1151 sane
781 1109 897 1173 pro
954 1083 1288 1172 Vighardo
1355 1096 1651 1174 repertus
1708 1110 1784 1152 ac
1838 1087 2169 1154 dedicatus
2229 1089 2314 1152 sit

28 1171 31 1240 V
176 1177 465 1260 antistes,
513 1175 679 1240 libro
728 1185 1033 1262 sequente
1081 1175 1455 1263 oportunius
1502 1175 1769 1242 dicetur.

27 1465 35 1504 1

1187 1551 1292 1614 30.

183 1724 261 1780 vt
299 1724 656 1781 orientales
705 1723 974 1781 Saxones
1033 1726 1312 1794 tempore
1361 1724 1777 1781 mortalitatis
1829 1726 1906 1781 ad
1955 1724 2319 1781 idolatriam

186 1812 456 1880 renel-sl,
498 1813 605 1869 sed
641 1827 754 1883 per
791 1813 1158 1868 instantiam
1193 1813 1554 1868 Iarumanni
1593 1814 1870 1883 episcopi
1906 1828 2047 1869 mox
2084 1814 2215 1870 sint
2239 1815 2315 1869 ab

977 1917 1196 1958 errore
1234 1903 1529 1959 correcti·

349 2063 602 2130 Eodem
633 2073 926 2151 tempore
955 2067 1326 2152 prouinciae
1349 2065 1777 2133 Orientalium
1810 2062 2139 2131 Saxonum
2170 2075 2318 2153 post

185 2150 660 2239 Suidhelmum,
739 2154 818 2219 de
889 2178 1014 2242 quo
1085 2178 1280 2243 supra
1343 2153 1621 2222 diximus
1631 2207 1650 2241 ,
1727 2155 2066 2243 praefuere
2129 2178 2317 2241 reges

187 2240 449 2329 Sigheri
479 2253 543 2307 et
573 2241 804 2320 Sebbi;
847 2246 1139 2330 quamuis
1185 2247 1309 2332 ipsi
1352 2248 1495 2330 regi
1534 2244 1925 2311 Merciorum
1956 2245 2318 2311 Vulfherae

187 2333 474 2397 subiecti.
570 2331 756 2411 Quae
815 2332 1116 2399 uidelicet
1175 2336 1507 2421 prouincia
1564 2358 1711 2399 cum
1770 2335 2104 2421 praefatae
2149 2356 2316 2399 mor·

188 2422 457 2485 talitatis
503 2420 681 2487 clade
727 2432 1150 2509 premeretur,
1200 2420 1461 2509 Sigheri
1508 2448 1654 2489 cum
1688 2445 1803 2489 sua
1846 2433 2033 2510 parte
2078 2424 2319 2511 populi,

185 2510 423 2575 relictis
470 2509 875 2577 Christianae
919 2512 1071 2577 fidei
1117 2514 1565 2595 sacramentis,
1614 2511 1696 2577 ad
1742 2515 2130 2599 apostasiam
2175 2534 2320 2578 con-

185 2621 406 2664 uersus
463 2610 577 2665 est.
669 2599 841 2666 Nam
897 2610 962 2665 et
1015 2603 1154 2689 ipse
1207 2624 1324 2667 rex
1379 2612 1443 2667 et
1498 2602 1758 2688 plurimi
1812 2600 1891 2665 de
1947 2602 2139 2689 plebe
2184 2604 2320 2667 siue

185 2690 618 2775 optimatibus,
667 2688 1010 2774 diligentes
1055 2689 1222 2756 hanc
1267 2692 1473 2755 uitam
1518 2700 1583 2755 et
1628 2691 1909 2755 futuram
1950 2713 2076 2756 non
2126 2713 2317 2778 quae·

187 2788 398 2843 rentes
459 2780 599 2843 siue
659 2782 854 2844 etiam
912 2801 1040 2844 non
1102 2801 1242 2844 esse
1308 2781 1673 2865 credenteS,
1740 2789 2091 2867 coeperunt
2148 2780 2319 2864 fana,

190 2888 353 2952 quae
418 2867 725 2933 derelicta
787 2877 999 2951 erant,
1070 2877 1435 2933 restaurare
1496 2878 1562 2935 et
1620 2867 1891 2934 adorare
1952 2870 2320 2935 simulacra:

188 2958 372 3041 quasi
415 2979 531 3044 per
561 2956 721 3022 haec
750 2966 1014 3045 possent
1045 2980 1084 3021 a
1115 2958 1511 3024 mortalitate
1541 2956 1818 3025 defendi.
1880 2957 2083 3023 Porro
2114 2962 2322 3023 socius

187 3046 321 3108 eius
369 3055 436 3110 et
482 3046 746 3111 coheres
791 3048 977 3132 regni
1024 3047 1311 3112 eiusdem
1360 3044 1563 3113 Sebbi
1633 3069 1871 3132 magna
1941 3046 2136 3113 fidem
2178 3070 2321 3135 per-

189 3142 444 3220 ceptam
493 3157 639 3199 cum
684 3136 812 3200 suis
860 3136 1153 3201 omnibus
1201 3134 1541 3202 deuotione
1587 3138 1887 3220 seruauit,
1933 3142 2203 3220 fnmagna,
2253 3145 2325 3199 ut

187 3222 253 3286 in
300 3225 718 3309 sequentibus
765 3225 1083 3309 dicemus,
1131 3226 1337 3290 uitam
1384 3222 1643 3290 fidelem
1690 3223 1998 3290 felicitate
2046 3224 2321 3311 comple-

185 3313 296 3375 uit.
396 3310 585 3390 Quod
651 3313 765 3378 ubi
824 3336 942 3378 rex
998 3313 1305 3379 Vulfheri
1371 3316 1699 3401 comperit,
1764 3311 1958 3377 fidem
2021 3313 2326 3378 uidelicet

185 3402 557 3485 prouinciae
619 3424 700 3465 ex
759 3411 942 3487 parte
1001 3403 1440 3489 profanatam,
1505 3404 1680 3467 misit
1736 3402 1819 3467 ad
1874 3402 2325 3487 corrigendum

185 3510 469 3555 errorem
540 3489 1100 3578 reuocandamque
1159 3492 1242 3557 ad
1299 3492 1498 3557 fidem
1552 3494 1845 3557 ueritatis
1926 3493 2324 3578 prouinciam

188 3574 493 3643 Iaruman
549 3580 950 3667 episcopum,
1019 3582 1129 3668 qui
1176 3603 1507 3646 successor
1551 3591 1690 3645 erat
1737 3580 2101 3645 Trumheri.
2197 3578 2329 3658 Qui

189 3668 390 3732 multa
454 3690 656 3753 agens
719 3670 1007 3754 solertia,
1074 3672 1256 3734 iuxta
1323 3670 1495 3757 quod
1552 3669 1708 3735 mihi
1773 3670 2144 3757 presbyter,
2218 3671 2328 3756 qui

193 3776 409 3823 comes
456 3758 701 3823 itineris
739 3757 834 3824 illi
863 3768 928 3823 et
961 3769 1337 3846 cooperator
1383 3760 1567 3825 uerbi
1613 3760 1935 3843 extiterat,
1982 3759 2327 3842 referebat,

191 3856 328 3910 erat
375 3848 547 3911 enim
605 3846 943 3931 religiosus
993 3857 1055 3913 et
1101 3848 1307 3913 bonus
1353 3850 1481 3932 uir,
1543 3849 1737 3935 longe
1794 3850 2055 3935 lateque
2116 3850 2331 3913 omnia

289 3973 469 4013 Baedae
496 3973 606 4013 hist.
633 3974 745 4014 eccl.
1940 3958 2004 4011 11

27 2143 39 4290 —ss—-ss———w
28 2059 34 2074 -
