2723 4326
12 860 14 919 ἓ
131 830 240 915 qui
304 852 488 915 spem
556 852 710 895 suae
775 827 1201 897 confidentiae
1263 840 1511 919 ponunt
1568 834 1633 897 in
1680 834 1791 897 eis.

132 207 190 259 Π.
232 208 313 263 10.
2185 211 2269 275 83

134 381 263 469 (95,
311 381 416 471 5):
473 381 762 470 „Omnes
809 374 918 447 dii'
943 385 1236 469 gentium
1282 385 1649 468 daemonia,
1714 383 2005 451 dominus
2052 396 2271 453 autem

131 473 338 538 caelos
384 469 610 539 fecit.“
683 472 770 537 Et
815 475 1047 538 iterum
1082 476 1256 559 (113,
1291 474 1515 558 5—8):
1570 472 1849 562 „Oculos
1895 476 2153 560 habent,
2203 486 2270 543 et

131 584 256 626 non
301 560 562 646 uident3
611 583 800 627 aures
844 563 1101 644 habent,
1153 573 1218 629 et
1257 587 1385 629 non
1428 563 1721 649 audiunt3
1770 586 1961 630 nares
2006 564 2266 651 habent,

132 660 192 717 et
222 673 356 717 non
388 650 778 735 odorabunt3
826 674 1054 717 manus
1086 651 1344 739 habent,
1386 662 1451 718 et
1482 675 1607 719 non
1638 652 2022 740 palpabunt3
2071 656 2268 742 pedes

129 740 404 820 habent,
451 751 518 806 et
562 762 690 805 non
735 740 1180 807 ambulabunt:
1248 743 1485 809 similes
1532 764 1692 829 ergo
1738 740 2100 865 efficiuntur
2146 744 2264 829 his,

1928 831 2266 911 Quomodo

12 972 14 983 .
131 920 303 983 enim
353 917 618 984 iuuandi
666 919 1018 1005 quemlibet
1061 932 1327 1006 possunt
1370 920 1611 986 habere
1655 922 1963 986 uirtutem
2007 921 2102 1007 hi,
2159 924 2269 1009 qui

12 1072 14 1089 ζ
133 1031 214 1072 ex
264 1007 667 1095 corruptibili
711 1010 982 1074 materia
1019 1010 1395 1075 inferiorum
1428 1013 1623 1075 etiam
1668 1010 2269 1097 subpositorumque

127 1097 248 1162 tibi
314 1097 616 1161 manibus
681 1098 1178 1163 construuntur?
1256 1099 1487 1185 quibus
1553 1099 1855 1165 uidelicet
1924 1098 2265 1166 artificium

12 1180 14 1235 ἶ
129 1186 486 1250 humanum
541 1184 1034 1251 adcommodans
1083 1189 1172 1253 eis
1227 1190 1644 1254 inanimatam
1702 1188 2135 1254 membrorum
2184 1192 2265 1253 si-

131 1273 564 1340 militudinem
609 1275 980 1341 contulisti?
1029 1278 1158 1363 qui,
1205 1278 1326 1342 nisi
1359 1301 1401 1343 a
1431 1287 1495 1342 te
1541 1278 1699 1342 moti
1742 1278 1998 1361 fuerint,
2045 1279 2267 1343 ambu-

12 1444 14 1447 γ
130 1364 266 1429 lare
311 1386 442 1429 non
488 1373 819 1451 poterunt3
870 1362 982 1431 sed
1014 1374 1323 1452 tanquam
1359 1367 1524 1452 lapis
1555 1368 1622 1431 in
1654 1389 1780 1432 uno
1810 1365 1951 1432 loco
1996 1370 2264 1453 positus,

12 1470 14 1535 ζ
130 1454 220 1518 ita
269 1455 622 1518 constructi
665 1453 951 1542 nihilque
983 1454 1460 1541 intellegentiae
1495 1455 1828 1538 habentes,
1876 1457 2144 1543 ipsaque
2175 1458 2267 1522 in-

12 1564 14 1567 ’
133 1542 561 1608 sensibilitate
609 1542 839 1628 obruti,
888 1542 1130 1608 nullam
1159 1566 1371 1630 neque
1415 1543 1710 1610 laedendi
1753 1568 1961 1631 neque
2007 1545 2269 1611 iuuandi

12 1678 14 1683 ·
127 1632 509 1696 facultatem
553 1630 772 1718 adepti
817 1631 1008 1697 sunt?
1069 1631 1214 1711 Qua
1261 1655 1417 1721 ergo
1464 1636 1698 1699 mentis
1743 1632 2117 1721 deceptione
2156 1657 2266 1701 eos

12 1714 14 1751 ³
128 1722 312 1803 deos,
381 1719 610 1807 quibus
657 1743 774 1785 uos
819 1722 944 1809 ipsi
989 1723 1337 1807 imaginem
1385 1725 1669 1809 corporis
1715 1723 2097 1807 tradidistis,
2159 1746 2262 1789 co-

12 1858 14 1861 >
126 1811 340 1875 lentes
386 1810 750 1896 sequimini,
798 1808 1032 1876 iudicio
1079 1809 1354 1877 discreto
1400 1810 1689 1898 reperire
1734 1834 1861 1877 non
1910 1835 2262 1898 possumus.

311 1898 505 1965 Vnde
555 1907 808 1985 oportet
858 1922 974 1965 uos
1019 1910 1316 1987 suscepto
1364 1903 1549 1985 signo
1582 1909 1839 1966 sanctae
1873 1902 2097 1987 erucis,
2145 1926 2265 1988 per

130 1987 304 2074 quod
355 1988 706 2053 humanum
755 2010 957 2073 genus
1001 1988 1358 2054 redemtum
1408 1998 1526 2075 est,
1576 1990 2002 2056 execrandam
2049 1990 2266 2057 diabo-

126 2077 291 2142 licae
357 2078 684 2142 uersutiae
749 2078 1365 2167 subplantationem,
1448 2080 1557 2165 qui
1630 2077 1887 2144 diuinae
1962 2079 2266 2146 bonitatis

132 2166 436 2254 operibus
482 2167 738 2232 inuidus
784 2169 1201 2256 aemulusque
1250 2169 1556 2254 consistit,
1606 2191 1645 2234 a
1692 2168 1986 2234 cordibus
2033 2173 2264 2236 uestris

132 2257 394 2320 abicere
439 2257 820 2341 iniectisque
868 2259 1162 2322 manibus
1208 2257 1352 2344 hoe,
1418 2280 1576 2344 quos
1634 2266 1895 2323 eatenus
1949 2261 2261 2325 materiae

14 2353 17 2404 {
131 2366 446 2433 compage
492 2344 677 2411 uobis
723 2344 877 2412 deos
921 2347 1306 2433 fabricastis,
1367 2347 1861 2432 confringendos
1907 2347 2259 2414 diminuen-

129 2432 375 2520 dosque
434 2455 840 2520 summopere
899 2445 1258 2523 procurate.
1350 2435 1505 2523 Ipsa
1563 2437 1733 2501 enim
1795 2459 2012 2502 eorum
2061 2438 2259 2503 disso-

127 2524 288 2588 lutio
357 2525 841 2610 corruptioque,
923 2547 1088 2610 quae
1162 2547 1489 2611 nunquam
1564 2527 1892 2590 uiuentem
1968 2527 2262 2613 spiritum

125 2612 379 2695 habuit,
442 2635 568 2678 nec
627 2613 1118 2679 sensibilitatem
1163 2638 1200 2678 a
1247 2616 1377 2680 suis
1424 2614 1774 2679 factoribus
1834 2617 2044 2702 potuit
2103 2638 2257 2703 quo-

14 2715 16 2722 '
125 2702 281 2767 libet
326 2701 521 2766 modo
569 2703 911 2788 suscipere,
961 2704 1144 2769 uobis
1190 2712 1489 2790 patenter
1534 2705 1830 2789 insinuet,
1880 2726 2072 2792 quam
2101 2705 2262 2771 nihil

125 2799 280 2876 erat,
331 2788 504 2877 quod
552 2800 815 2856 eatenus
864 2792 1200 2858 colebatis:
1248 2790 1401 2857 dum
1447 2794 1739 2880 profecto
1786 2793 2084 2859 meliores
2121 2817 2260 2880 uos,

125 2881 232 2965 qui
279 2881 580 2967 spiritum
628 2882 974 2946 uiuentem·
1001 2904 1040 2946 a
1085 2879 1342 2946 domino
1387 2883 1783 2969 percepistis,
1841 2905 2063 2948 eorum
2111 2907 2258 2950 con-

127 2968 464 3033 structioni
521 2968 930 3034 nihilominus
991 2971 1309 3036 existatis:
1373 2972 1606 3058 quippe
1652 2992 1811 3057 quos
1858 2972 2015 3038 deus
2064 2975 2261 3038 omni-

123 3067 352 3143 potens
413 3081 497 3123 ex
543 3058 734 3144 primi
792 3056 1096 3144 hominis,
1163 3081 1350 3144 quem
1410 3061 1781 3147 plasmauit,
1851 3064 2253 3147 cognatione,

14 3199 16 3202 ,
125 3145 414 3212 deductis
431 3169 550 3233 per
568 3147 824 3212 saecula
842 3149 1413 3214 innumerabilibus
1433 3150 1915 3236 propaginibus,
1942 3150 2257 3237 pullulare

127 3237 478 3301 constituit.
574 3233 884 3302 Accedite
943 3259 1100 3323 ergo
1165 3237 1246 3302 ad
1305 3239 1700 3324 agnitionem
1760 3239 1922 3324 eius,
1987 3241 2096 3324 qui
2140 3261 2256 3304 uos

125 3327 400 3407 creauit,
461 3324 570 3411 qui
615 3327 682 3390 in
727 3327 911 3391 uobis
955 3328 1128 3390 uitae
1174 3327 1526 3393 insufflanit
1580 3327 1906 3412 spiritum,
1970 3329 2079 3413 qui
2138 3350 2255 3414 pro

123 3424 341 3481 uestra
385 3412 787 3479 redemtione
830 3414 1030 3480 filium
1077 3437 1260 3479 suum
1308 3416 1713 3502 unigenitum
1759 3417 1962 3498 misit,
2022 3425 2092 3481 ut
2139 3438 2254 3482 uos

123 3503 203 3568 ab
275 3502 583 3588 originali
651 3512 914 3590 peccato
991 3506 1265 3591 eriperet
1334 3514 1402 3570 et
1469 3513 1725 3591 ereptos
1789 3504 1869 3570 de
1936 3513 2257 3591 potestate

124 3594 454 3679 nequitiae
533 3591 886 3658 diabolicae
986 3589 1371 3682 [prauitatis]
1478 3592 1860 3659 caelestibus
1952 3596 2256 3682 praemiis

120 3689 508 3749 muneraret.

297 3770 630 3858 Suscipite
699 3769 900 3836 uerba
969 3770 1488 3859 praedicatorum
1543 3781 1608 3837 et
1663 3771 2072 3860 euangelium
2130 3771 2255 3858 dei,

123 3862 295 3948 quod
341 3861 533 3926 uobis
581 3855 984 3946 adnuntiant3
1035 3870 1347 3947 quatenus
1394 3860 1749 3948 credentes,
1796 3864 1959 3930 sicut
2004 3863 2259 3951 saepius
