2723 4326
426 216 552 280 130
2339 216 2436 269 111.
2477 217 2568 271 17.

420 394 735 477 nensium‚
800 402 992 478 atque
1051 393 1116 455 in
1154 393 1492 479 cymiterio
1553 392 1826 457 fratrum
1887 391 2212 479 sepultum
2261 401 2380 458 est.
2469 391 2566 458 At

418 483 757 547 interiecto
804 490 1096 569 tempore
1143 484 1496 567 aliquanto,
1545 503 1692 546 cum
1737 480 2053 545 fabricata
2097 490 2268 547 esset
2313 482 2404 547 ibi
2446 482 2564 546 ba-

420 572 599 635 silica
668 570 873 635 maior
933 579 1129 657 atque
1188 573 1255 635 in
1322 570 1632 635 honorem
1699 570 2058 635 beatissimi
2121 571 2562 657 apostolorum

419 661 726 747 principis
773 656 1098 741 dedicata,
1144 659 1253 723 illo
1301 680 1448 723 ossa
1493 662 1629 724 eius
1676 658 1988 724 translata
2034 668 2231 746 atque
2278 658 2360 725 ad
2405 658 2559 726 dex-

419 761 628 815 teram
674 748 893 813 altaris
940 751 1122 813 iuxta
1167 749 1653 814 uenerationem
1699 757 1881 813 tanto
1926 748 2234 835 pontifice
2289 749 2558 835 dignam

424 838 682 903 condita
727 847 892 901 sunt.

598 924 923 991 Successit
964 946 1120 990 uero
1169 926 1229 990 ei
1274 926 1341 989 in
1390 927 1828 1011 episcopatum
1865 924 2094 1009 Finan‚
2143 935 2210 992 et
2256 928 2400 1013 ipse
2445 927 2562 991 illo

418 1016 502 1080 ab
546 1013 663 1079 Hii
724 1014 1095 1082 Scottorum
1157 1015 1366 1079 insula
1432 1036 1509 1078 ac
1572 1014 1960 1080 monasterio
2029 1013 2372 1080 distinatus
2388 1066 2408 1101 ‚
2483 1038 2561 1080 ae

417 1114 709 1192 tempore
776 1127 903 1169 non
965 1125 1171 1190 pauco
1224 1105 1292 1167 in
1352 1105 1728 1190 episcopatu
1796 1104 2171 1191 permansit.
2263 1104 2561 1189 Contigit

417 1195 636 1258 autem
682 1202 828 1279 post
874 1192 1115 1278 aliquot
1161 1214 1382 1276 annos,
1430 1201 1502 1258 ut
1547 1192 1770 1258 Penda
1805 1192 2197 1283 Merciorjum
2241 1216 2362 1257 rex
2407 1216 2558 1259 cum

417 1282 635 1347 hostili
668 1282 953 1347 exercitu
985 1281 1144 1346 haec
1173 1283 1240 1346 in
1269 1282 1414 1347 loca
1457 1282 1858 1368 perueniens,
1908 1280 2054 1346 cum
2087 1290 2338 1367 cuncta,
2389 1304 2557 1367 quae

416 1379 703 1458 poterat,
778 1370 950 1435 ferro
1019 1369 1408 1456 flammaque
1472 1369 1800 1456 perderet,
1883 1372 2065 1435 uicus
2130 1392 2386 1457 quoque
2404 1422 2423 1455 ,
2489 1373 2556 1436 in

420 1482 547 1545 quo
609 1460 875 1523 antistes
936 1459 1126 1536 obiit,
1192 1481 1321 1523 una
1367 1480 1512 1523 cum
1560 1459 1832 1525 ecclesia
1876 1472 2232 1526 memorata
2276 1460 2562 1525 flammis

418 1550 883 1614 absumeretur.
977 1545 1110 1614 Sed
1168 1549 1406 1611 mirum
1464 1549 1534 1611 in
1595 1547 1855 1613 modum
1917 1547 2054 1613 sola
2109 1549 2220 1613 illa
2281 1548 2556 1632 destina,

418 1640 522 1703 cui
566 1638 943 1702 incumbens
990 1637 1170 1716 obiit,
1216 1637 1300 1702 ab
1331 1635 1587 1721 ignibus
1619 1638 1860 1702 circum
1901 1646 2134 1703 cuncta
2175 1638 2560 1703 uorantibus

417 1727 669 1791 absumi
714 1748 843 1790 non
887 1727 1115 1813 potuit.
1210 1723 1352 1804 Quo
1402 1726 1797 1792 clarescente
1841 1727 2181 1811 miraculo,
2237 1750 2389 1791 mox
2433 1728 2556 1792 ibi·

416 1816 565 1881 dem
612 1816 883 1880 ecclesia
926 1824 1307 1897 restaurata,
1356 1824 1425 1878 et
1468 1814 1630 1879 haec
1677 1813 1900 1880 eadem
1946 1815 2199 1880 destina
2242 1817 2308 1881 in
2342 1818 2552 1880 muni-

416 1912 705 1968 mentum
753 1913 851 1968 est
895 1906 1181 1989 parietis,
1228 1913 1299 1968 ut
1345 1912 1495 1968 ante
1542 1904 1773 1987 fuerat,
1835 1904 2188 1969 forinsecus
2233 1903 2552 1990 adposita.

417 1994 825 2079 Rursumque
869 2002 1133 2079 peracto
1176 2002 1471 2078 tempore
1516 1994 1840 2078 aliquanto
1889 1994 2105 2058 euenit
2145 2015 2262 2080 per
2293 1994 2555 2079 culpam

418 2084 706 2147 incuriae
752 2084 967 2146 uicum
1015 2080 1289 2146 eundem
1340 2090 1406 2145 et
1450 2083 1659 2168 ipsam
1705 2083 1947 2169 pariter
1993 2083 2327 2147 ecclesiam
2384 2084 2550 2169 igni-

415 2176 536 2238 bus
570 2174 875 2238 consumi.
931 2169 1061 2237 Sed
1093 2194 1175 2236 ne
1206 2180 1359 2236 tunc
1394 2170 1650 2256 quidem
1683 2170 1951 2236 eandem
1983 2182 2252 2258 tangere
2284 2171 2554 2238 flamma

418 2261 734 2326 destinam
794 2261 1084 2344 ualebat3
1153 2270 1218 2325 et
1264 2282 1410 2324 cum
1456 2282 1692 2346 magno
1759 2262 1982 2346 utique
2042 2262 2354 2326 miraculo
2409 2264 2553 2349 ipsa

415 2353 553 2416 eius
598 2351 916 2415 foramina
940 2348 1327 2435 ingrediens,
1380 2349 1608 2434 quibus
1639 2346 1928 2414 aedificio
1961 2359 2101 2414 erat
2131 2349 2368 2434 adfixa,
2400 2373 2547 2438 per-

416 2437 655 2524 ederet,
703 2441 911 2526 ipsam
956 2447 1172 2502 tamen
1217 2437 1477 2502 laedere
1520 2439 1883 2503 nullatenus
1929 2439 2281 2504 sinebatur.
2361 2439 2556 2505 Vnde

414 2531 604 2593 tertio
652 2527 986 2591 aedificata
1017 2527 1107 2591 ibi
1144 2527 1435 2611 ecclesia,
1484 2525 1798 2592 destinam
1830 2528 2006 2591 illam
2036 2549 2182 2611 non,
2230 2537 2304 2592 ut
2335 2538 2552 2614 antea,

413 2617 651 2683 deforis
697 2619 762 2680 in
807 2616 1271 2682 fulcimentum
1304 2614 1530 2680 domus
1577 2615 2037 2702 adposuerunt3
2087 2615 2202 2682 sed
2243 2619 2416 2682 intro
2453 2620 2552 2704 ip-

414 2728 553 2771 sam
602 2706 940 2770 ecclesiam
987 2707 1054 2770 in
1097 2706 1473 2770 memoriam
1517 2705 1814 2770 miraculi
1857 2716 2235 2792 posuerunt,
2292 2707 2406 2771 ubi
2450 2709 2550 2772 in-

412 2802 659 2858 trantes
706 2815 878 2878 genu
926 2792 1183 2859 flectere
1228 2817 1305 2858 ac
1350 2792 1828 2859 misericordiae
1874 2796 2139 2860 caelesti
2185 2795 2552 2882 supplicare

414 2882 745 2947 deberent.
839 2881 1233 2968 Constatque
1308 2882 1545 2947 multos
1614 2905 1695 2947 ex
1759 2905 1834 2948 eo
1901 2894 2191 2970 tempore
2267 2886 2554 2968 gratiam

414 2967 725 3036 sanitatis
751 2973 816 3035 in
850 2971 1073 3036 eodem
1107 2972 1247 3036 loco
1290 2980 1701 3047 consecutos3
1750 2974 1904 3058 quin
1950 2975 2148 3038 etiam
2193 2975 2418 3038 astulis
2468 2998 2552 3040 ex

410 3063 554 3148 ipsa
598 3057 848 3124 destina
894 3062 1125 3125 excisis
1172 3069 1237 3124 et
1280 3062 1346 3124 in
1395 3082 1626 3146 aquam
1673 3063 1905 3145 missis,
1953 3062 2169 3148 plures
2217 3063 2344 3127 sibi
2390 3065 2553 3128 suis-

412 3173 539 3237 que
585 3149 965 3235 languorum
1010 3148 1295 3214 remedia
1340 3151 1757 3235 conquisiere.

590 3237 837 3325 Scripsi
882 3247 1098 3304 autem
1144 3238 1302 3303 haec
1332 3236 1415 3303 de
1446 3261 1721 3326 persona
1751 3247 1818 3304 et
1848 3239 2148 3324 operibus
2194 3240 2320 3304 uiri
2366 3263 2554 3326 prae-

410 3328 557 3412 fati3
630 3349 1040 3415 nequaquam
1084 3328 1151 3392 in
1198 3349 1273 3391 eo
1330 3327 1598 3392 laudans
1664 3328 1770 3392 uel
1838 3328 2085 3412 eligens
2153 3329 2305 3413 hoc,
2376 3329 2552 3415 quod

412 3415 491 3481 de
537 3417 986 3481 obseruatione
1033 3415 1309 3503 paschae
1355 3417 1566 3480 minus
1613 3416 1901 3503 perfecte
1962 3418 2282 3502 sapiebat:
2345 3419 2552 3484 immo

409 3505 532 3569 hoc
569 3506 840 3570 multum
888 3504 1236 3588 detestans,
1284 3505 1450 3569 sicut
1479 3507 1546 3569 in
1575 3505 1761 3591 libro,
1810 3527 2002 3592 quem
2034 3505 2114 3570 de
2143 3508 2556 3593 temporibus

412 3596 763 3681 composui,
811 3594 1331 3659 manifestissime
1379 3595 1673 3680 probaui3
1725 3594 1840 3659 sed
1872 3596 2056 3680 quasi
2099 3617 2305 3660 uerax
2350 3595 2553 3661 histo-

409 3682 579 3745 ricus
640 3684 1015 3768 simpliciter
1076 3705 1180 3768 ea,
1244 3705 1410 3768 quae
1470 3683 1549 3747 de
1609 3683 1717 3748 illo
1777 3685 1913 3748 siue
1975 3706 2093 3769 per
2146 3683 2327 3749 illum
2399 3697 2553 3750 sunt

410 3779 615 3854 gesta,
665 3769 1035 3836 describens
1082 3780 1165 3856 et,
1214 3793 1380 3857 quae
1422 3771 1616 3837 laude
1661 3781 1808 3836 sunt
1854 3771 2050 3856 digna
2092 3773 2160 3836 in
2207 3775 2346 3838 eius
2393 3777 2554 3840 acti-

407 3859 549 3943 bus,
580 3857 847 3923 laudans
879 3868 1072 3945 atque
1102 3859 1185 3923 ad
1214 3860 1558 3926 utilitatem
1588 3861 1946 3946 legentium
1992 3863 2342 3954 memoriae
2374 3885 2552 3929 com-
