<?xml version="1.0" encoding="UTF-8"?>
<!DOCTYPE html PUBLIC "-//W3C//DTD XHTML 1.0 Transitional//EN"
    "http://www.w3.org/TR/xhtml1/DTD/xhtml1-transitional.dtd">
<html xmlns="http://www.w3.org/1999/xhtml" xml:lang="en" lang="en">
 <head>
  <title>
</title>
<meta http-equiv="Content-Type" content="text/html;charset=utf-8" />
  <meta name='ocr-system' content='tesseract 3.04.00' />
  <meta name='ocr-capabilities' content='ocr_page ocr_carea ocr_par ocr_line ocrx_word'/>
</head>
<body>
  <div class='ocr_page' id='page_1' title='image "./historiaecclesi00venegoog_0222.png"; bbox 0 0 2723 4326; ppageno 0'>
   <div class='ocr_carea' id='block_1_1' title="bbox 446 205 2638 268">
    <p class='ocr_par' dir='ltr' id='par_1_1' title="bbox 446 205 2638 268">
     <span class='ocr_line' id='line_1_1' title="bbox 446 205 2638 268; baseline -0.003 -1"><span class='ocrx_word' id='word_1_1' title='bbox 446 205 573 268; x_wconf 83' lang='lat'><strong>212</strong></span> <span class='ocrx_word' id='word_1_2' title='bbox 2333 211 2486 263; x_wconf 90' lang='lat'>1111.</span> <span class='ocrx_word' id='word_1_3' title='bbox 2540 214 2638 265; x_wconf 82' lang='lat'><strong>25.</strong></span> 
     </span>
    </p>
   </div>
   <div class='ocr_carea' id='block_1_2' title="bbox 1368 524 1654 615">
    <p class='ocr_par' dir='ltr' id='par_1_2' title="bbox 1368 524 1654 615">
     <span class='ocr_line' id='line_1_2' title="bbox 1368 524 1654 615; baseline 0 -24"><span class='ocrx_word' id='word_1_4' title='bbox 1368 529 1449 591; x_wconf 81' lang='lat'><strong>25</strong></span> <span class='ocrx_word' id='word_1_5' title='bbox 1499 524 1654 615; x_wconf 84' lang='lat'><strong>[23].</strong></span> 
     </span>
    </p>
   </div>
   <div class='ocr_carea' id='block_1_3' title="bbox 438 680 2623 835">
    <p class='ocr_par' dir='ltr' id='par_1_3' title="bbox 438 680 2623 835">
     <span class='ocr_line' id='line_1_3' title="bbox 438 680 2623 761; baseline 0.001 -21"><span class='ocrx_word' id='word_1_6' title='bbox 438 680 655 761; x_wconf 74' lang='lat' dir='ltr'><strong>Qualis</strong></span> <span class='ocrx_word' id='word_1_7' title='bbox 695 682 861 739; x_wconf 80' lang='lat' dir='ltr'><strong>uisio</strong></span> <span class='ocrx_word' id='word_1_8' title='bbox 900 683 1143 739; x_wconf 80' lang='lat' dir='ltr'><strong>cuidam</strong></span> <span class='ocrx_word' id='word_1_9' title='bbox 1180 684 1324 741; x_wconf 80' lang='lat' dir='ltr'><strong>uiro</strong></span> <span class='ocrx_word' id='word_1_10' title='bbox 1366 686 1468 741; x_wconf 72' lang='lat' dir='ltr'><strong>&lt;lei</strong></span> <span class='ocrx_word' id='word_1_11' title='bbox 1508 686 1906 755; x_wconf 77' lang='lat' dir='ltr'><strong>apparuerit,</strong></span> <span class='ocrx_word' id='word_1_12' title='bbox 1959 686 2324 756; x_wconf 79' lang='lat' dir='ltr'><strong>priusquam</strong></span> <span class='ocrx_word' id='word_1_13' title='bbox 2380 700 2623 745; x_wconf 82' lang='lat' dir='ltr'><strong>mona-</strong></span> 
     </span>
     <span class='ocr_line' id='line_1_4' title="bbox 606 772 2420 835; baseline 0.001 -4"><span class='ocrx_word' id='word_1_14' title='bbox 606 773 871 831; x_wconf 79' lang='lat' dir='ltr'><strong>sterium</strong></span> <span class='ocrx_word' id='word_1_15' title='bbox 908 772 1218 830; x_wconf 78' lang='lat' dir='ltr'><strong>Goludane</strong></span> <span class='ocrx_word' id='word_1_16' title='bbox 1258 774 1439 831; x_wconf 81' lang='lat' dir='ltr'><strong>urbis</strong></span> <span class='ocrx_word' id='word_1_17' title='bbox 1479 776 1644 832; x_wconf 86' lang='lat' dir='ltr'><strong>essct</strong></span> <span class='ocrx_word' id='word_1_18' title='bbox 1682 776 1967 832; x_wconf 77' lang='lat' dir='ltr'><strong>incendio</strong></span> <span class='ocrx_word' id='word_1_19' title='bbox 2005 777 2420 835; x_wconf 70' lang='lat' dir='ltr'><strong>consumtum.</strong></span> 
     </span>
    </p>
   </div>
   <div class='ocr_carea' id='block_1_4' title="bbox 408 914 2618 3941">
    <p class='ocr_par' dir='ltr' id='par_1_4' title="bbox 431 914 2618 1711">
     <span class='ocr_line' id='line_1_5' title="bbox 616 914 2618 1005; baseline 0.003 -26"><span class='ocrx_word' id='word_1_20' title='bbox 616 914 744 979; x_wconf 88' lang='lat' dir='ltr'><strong>His</strong></span> <span class='ocrx_word' id='word_1_21' title='bbox 792 916 1192 1003; x_wconf 74' lang='lat' dir='ltr'><strong>temporibus</strong></span> <span class='ocrx_word' id='word_1_22' title='bbox 1238 919 1701 983; x_wconf 86' lang='lat' dir='ltr'><strong>monasterium</strong></span> <span class='ocrx_word' id='word_1_23' title='bbox 1745 919 2091 1002; x_wconf 89' lang='lat' dir='ltr'><strong>uirginum,</strong></span> <span class='ocrx_word' id='word_1_24' title='bbox 2141 919 2316 1005; x_wconf 91' lang='lat' dir='ltr'><strong>quod</strong></span> <span class='ocrx_word' id='word_1_25' title='bbox 2349 919 2618 985; x_wconf 80' lang='lat' dir='ltr'><strong>coludi</strong></span> 
     </span>
     <span class='ocr_line' id='line_1_6' title="bbox 438 1004 2614 1097; baseline 0.002 -26"><span class='ocrx_word' id='word_1_26' title='bbox 438 1004 686 1071; x_wconf 81' lang='lat' dir='ltr'>Vrbem</span> <span class='ocrx_word' id='word_1_27' title='bbox 732 1006 1209 1090; x_wconf 83' lang='lat' dir='ltr'><strong>cognominant,</strong></span> <span class='ocrx_word' id='word_1_28' title='bbox 1251 1008 1433 1071; x_wconf 89' lang='lat' dir='ltr'><strong>cuius</strong></span> <span class='ocrx_word' id='word_1_29' title='bbox 1479 1016 1544 1071; x_wconf 89' lang='lat' dir='ltr'><strong>et</strong></span> <span class='ocrx_word' id='word_1_30' title='bbox 1589 1028 1783 1094; x_wconf 86' lang='lat' dir='ltr'><strong>supra</strong></span> <span class='ocrx_word' id='word_1_31' title='bbox 1828 1010 2254 1093; x_wconf 89' lang='lat' dir='ltr'><strong>meminimus,</strong></span> <span class='ocrx_word' id='word_1_32' title='bbox 2303 1033 2425 1097; x_wconf 88' lang='lat' dir='ltr'><strong>per</strong></span> <span class='ocrx_word' id='word_1_33' title='bbox 2459 1012 2614 1075; x_wconf 86' lang='lat' dir='ltr'><strong>eul-</strong></span> 
     </span>
     <span class='ocr_line' id='line_1_7' title="bbox 434 1095 2613 1182; baseline 0.002 -23"><span class='ocrx_word' id='word_1_34' title='bbox 434 1116 587 1182; x_wconf 92' lang='lat' dir='ltr'><strong>pam</strong></span> <span class='ocrx_word' id='word_1_35' title='bbox 654 1095 943 1159; x_wconf 90' lang='lat' dir='ltr'><strong>incuriae</strong></span> <span class='ocrx_word' id='word_1_36' title='bbox 1004 1095 1281 1159; x_wconf 89' lang='lat' dir='ltr'><strong>flammis</strong></span> <span class='ocrx_word' id='word_1_37' title='bbox 1352 1096 1721 1161; x_wconf 86' lang='lat' dir='ltr'><strong>absumtum</strong></span> <span class='ocrx_word' id='word_1_38' title='bbox 1777 1105 1894 1162; x_wconf 89' lang='lat' dir='ltr'><strong>est.</strong></span> <span class='ocrx_word' id='word_1_39' title='bbox 2005 1096 2194 1176; x_wconf 83' lang='lat' dir='ltr'><strong>Quod</strong></span> <span class='ocrx_word' id='word_1_40' title='bbox 2259 1108 2500 1165; x_wconf 87' lang='lat' dir='ltr'><strong>tamen</strong></span> <span class='ocrx_word' id='word_1_41' title='bbox 2567 1123 2613 1163; x_wconf 88' lang='lat' dir='ltr'><strong>a</strong></span> 
     </span>
     <span class='ocr_line' id='line_1_8' title="bbox 432 1181 2610 1275; baseline 0.002 -26"><span class='ocrx_word' id='word_1_42' title='bbox 432 1184 680 1249; x_wconf 86' lang='lat' dir='ltr'><strong>malitia</strong></span> <span class='ocrx_word' id='word_1_43' title='bbox 746 1181 1245 1248; x_wconf 79' lang='lat' dir='ltr'><strong>inhabitantium</strong></span> <span class='ocrx_word' id='word_1_44' title='bbox 1304 1184 1372 1249; x_wconf 92' lang='lat' dir='ltr'><strong>in</strong></span> <span class='ocrx_word' id='word_1_45' title='bbox 1438 1207 1513 1250; x_wconf 89' lang='lat' dir='ltr'><strong>eo</strong></span> <span class='ocrx_word' id='word_1_46' title='bbox 1584 1195 1646 1251; x_wconf 92' lang='lat' dir='ltr'><strong>et</strong></span> <span class='ocrx_word' id='word_1_47' title='bbox 1703 1186 2049 1273; x_wconf 86' lang='lat' dir='ltr'><strong>praecipue</strong></span> <span class='ocrx_word' id='word_1_48' title='bbox 2103 1187 2363 1253; x_wconf 90' lang='lat' dir='ltr'><strong>illorum</strong></span> <span class='ocrx_word' id='word_1_49' title='bbox 2376 1239 2396 1272; x_wconf 94' lang='lat'><strong>,</strong></span> <span class='ocrx_word' id='word_1_50' title='bbox 2479 1192 2610 1275; x_wconf 84' lang='lat' dir='ltr'><strong>qui</strong></span> 
     </span>
     <span class='ocr_line' id='line_1_9' title="bbox 432 1270 2605 1362; baseline 0.002 -24"><span class='ocrx_word' id='word_1_51' title='bbox 432 1276 711 1338; x_wconf 89' lang='lat' dir='ltr'><strong>maiores</strong></span> <span class='ocrx_word' id='word_1_52' title='bbox 760 1294 901 1338; x_wconf 88' lang='lat' dir='ltr'><strong>esse</strong></span> <span class='ocrx_word' id='word_1_53' title='bbox 945 1270 1359 1355; x_wconf 87' lang='lat' dir='ltr'><strong>uidebantur,</strong></span> <span class='ocrx_word' id='word_1_54' title='bbox 1412 1275 1790 1360; x_wconf 82' lang='lat' dir='ltr'><strong>contigisse,</strong></span> <span class='ocrx_word' id='word_1_55' title='bbox 1847 1297 2094 1360; x_wconf 89' lang='lat' dir='ltr'><strong>omnes,</strong></span> <span class='ocrx_word' id='word_1_56' title='bbox 2156 1279 2269 1362; x_wconf 88' lang='lat' dir='ltr'><strong>qui</strong></span> <span class='ocrx_word' id='word_1_57' title='bbox 2311 1300 2605 1360; x_wconf 83' lang='lat' dir='ltr'><strong>nouere,</strong></span> 
     </span>
     <span class='ocr_line' id='line_1_10' title="bbox 431 1360 2605 1453; baseline 0.002 -27"><span class='ocrx_word' id='word_1_58' title='bbox 431 1361 734 1428; x_wconf 78' lang='lat' dir='ltr'><strong>facillime</strong></span> <span class='ocrx_word' id='word_1_59' title='bbox 780 1371 1127 1447; x_wconf 90' lang='lat' dir='ltr'><strong>potuerunt</strong></span> <span class='ocrx_word' id='word_1_60' title='bbox 1172 1360 1532 1429; x_wconf 89' lang='lat' dir='ltr'><strong>aduertere.</strong></span> <span class='ocrx_word' id='word_1_61' title='bbox 1628 1361 1760 1430; x_wconf 86' lang='lat' dir='ltr'><strong>Sed</strong></span> <span class='ocrx_word' id='word_1_62' title='bbox 1804 1386 1933 1430; x_wconf 90' lang='lat' dir='ltr'><strong>non</strong></span> <span class='ocrx_word' id='word_1_63' title='bbox 1977 1364 2181 1429; x_wconf 83' lang='lat' dir='ltr'><strong>defuit</strong></span> <span class='ocrx_word' id='word_1_64' title='bbox 2231 1366 2605 1453; x_wconf 85' lang='lat' dir='ltr'><strong>puniendis</strong></span> 
     </span>
     <span class='ocr_line' id='line_1_11' title="bbox 433 1448 2599 1540; baseline 0.002 -25"><span class='ocrx_word' id='word_1_65' title='bbox 433 1451 781 1516; x_wconf 85' lang='lat' dir='ltr'><strong>admonitio</strong></span> <span class='ocrx_word' id='word_1_66' title='bbox 830 1448 1083 1516; x_wconf 90' lang='lat' dir='ltr'><strong>diuinae</strong></span> <span class='ocrx_word' id='word_1_67' title='bbox 1127 1452 1412 1539; x_wconf 73' lang='lat' dir='ltr'><strong>pictatia,</strong></span> <span class='ocrx_word' id='word_1_68' title='bbox 1463 1473 1593 1538; x_wconf 89' lang='lat' dir='ltr'><strong>qua</strong></span> <span class='ocrx_word' id='word_1_69' title='bbox 1639 1455 1912 1517; x_wconf 88' lang='lat' dir='ltr'><strong>correcti</strong></span> <span class='ocrx_word' id='word_1_70' title='bbox 1943 1476 2060 1540; x_wconf 90' lang='lat' dir='ltr'><strong>per</strong></span> <span class='ocrx_word' id='word_1_71' title='bbox 2090 1456 2348 1540; x_wconf 89' lang='lat' dir='ltr'><strong>ieiunia,</strong></span> <span class='ocrx_word' id='word_1_72' title='bbox 2383 1455 2599 1520; x_wconf 86' lang='lat' dir='ltr'><strong>fletus</strong></span> 
     </span>
     <span class='ocr_line' id='line_1_12' title="bbox 432 1540 2598 1627; baseline 0.002 -22"><span class='ocrx_word' id='word_1_73' title='bbox 432 1551 494 1605; x_wconf 92' lang='lat' dir='ltr'><strong>et</strong></span> <span class='ocrx_word' id='word_1_74' title='bbox 550 1560 773 1626; x_wconf 82' lang='lat' dir='ltr'><strong>preces</strong></span> <span class='ocrx_word' id='word_1_75' title='bbox 827 1541 992 1605; x_wconf 88' lang='lat' dir='ltr'><strong>iram</strong></span> <span class='ocrx_word' id='word_1_76' title='bbox 1047 1563 1088 1606; x_wconf 91' lang='lat' dir='ltr'><strong>a</strong></span> <span class='ocrx_word' id='word_1_77' title='bbox 1141 1563 1209 1606; x_wconf 87' lang='lat' dir='ltr'><strong>se</strong></span> <span class='ocrx_word' id='word_1_78' title='bbox 1221 1591 1239 1626; x_wconf 94' lang='lat'><strong>,</strong></span> <span class='ocrx_word' id='word_1_79' title='bbox 1307 1541 1510 1607; x_wconf 89' lang='lat' dir='ltr'><strong>instar</strong></span> <span class='ocrx_word' id='word_1_80' title='bbox 1569 1540 2050 1627; x_wconf 86' lang='lat' dir='ltr'><strong>Nineuitarum,</strong></span> <span class='ocrx_word' id='word_1_81' title='bbox 2120 1544 2273 1609; x_wconf 90' lang='lat' dir='ltr'><strong>iusti</strong></span> <span class='ocrx_word' id='word_1_82' title='bbox 2342 1542 2598 1610; x_wconf 87' lang='lat' dir='ltr'><strong>iudicis</strong></span> 
     </span>
     <span class='ocr_line' id='line_1_13' title="bbox 435 1637 2438 1711; baseline 0.001 -18"><span class='ocrx_word' id='word_1_83' title='bbox 435 1637 825 1695; x_wconf 88' lang='lat' dir='ltr'><strong>auerterent.</strong></span> <span class='ocrx_word' id='word_1_84' title='bbox 2435 1706 2438 1711; x_wconf 42' lang='grc'><strong>,</strong></span> 
     </span>
    </p>

    <p class='ocr_par' dir='ltr' id='par_1_5' title="bbox 414 1717 2593 2497">
     <span class='ocr_line' id='line_1_14' title="bbox 604 1717 2593 1805; baseline 0.002 -22"><span class='ocrx_word' id='word_1_85' title='bbox 604 1718 767 1783; x_wconf 83' lang='lat' dir='ltr'><strong>Erat</strong></span> <span class='ocrx_word' id='word_1_86' title='bbox 820 1740 1099 1805; x_wconf 88' lang='lat' dir='ltr'><strong>namque</strong></span> <span class='ocrx_word' id='word_1_87' title='bbox 1154 1719 1222 1782; x_wconf 90' lang='lat' dir='ltr'><strong>in</strong></span> <span class='ocrx_word' id='word_1_88' title='bbox 1276 1717 1506 1785; x_wconf 90' lang='lat' dir='ltr'><strong>eodem</strong></span> <span class='ocrx_word' id='word_1_89' title='bbox 1576 1722 1963 1786; x_wconf 87' lang='lat' dir='ltr'><strong>monasterio</strong></span> <span class='ocrx_word' id='word_1_90' title='bbox 2025 1722 2126 1785; x_wconf 89' lang='lat' dir='ltr'><strong>uir</strong></span> <span class='ocrx_word' id='word_1_91' title='bbox 2187 1720 2266 1787; x_wconf 91' lang='lat' dir='ltr'><strong>de</strong></span> <span class='ocrx_word' id='word_1_92' title='bbox 2327 1742 2593 1805; x_wconf 88' lang='lat' dir='ltr'><strong>genere</strong></span> 
     </span>
     <span class='ocr_line' id='line_1_15' title="bbox 431 1805 2592 1892; baseline 0.001 -19"><span class='ocrx_word' id='word_1_93' title='bbox 431 1805 805 1874; x_wconf 82' lang='lat' dir='ltr'><strong>Scottorum</strong></span> <span class='ocrx_word' id='word_1_94' title='bbox 848 1805 1269 1872; x_wconf 89' lang='lat' dir='ltr'><strong>Adamnanus</strong></span> <span class='ocrx_word' id='word_1_95' title='bbox 1315 1808 1650 1892; x_wconf 83' lang='lat' dir='ltr'><strong>uocabulo,</strong></span> <span class='ocrx_word' id='word_1_96' title='bbox 1699 1809 1935 1875; x_wconf 87' lang='lat' dir='ltr'><strong>ducens</strong></span> <span class='ocrx_word' id='word_1_97' title='bbox 1983 1812 2185 1875; x_wconf 90' lang='lat' dir='ltr'><strong>uitam</strong></span> <span class='ocrx_word' id='word_1_98' title='bbox 2241 1812 2307 1874; x_wconf 91' lang='lat' dir='ltr'><strong>in</strong></span> <span class='ocrx_word' id='word_1_99' title='bbox 2371 1814 2592 1875; x_wconf 85' lang='lat' dir='ltr'><strong>conti·</strong></span> 
     </span>
     <span class='ocr_line' id='line_1_16' title="bbox 426 1897 2588 1983; baseline 0.002 -23"><span class='ocrx_word' id='word_1_100' title='bbox 426 1897 648 1961; x_wconf 88' lang='lat' dir='ltr'><strong>nentia</strong></span> <span class='ocrx_word' id='word_1_101' title='bbox 693 1906 758 1961; x_wconf 90' lang='lat' dir='ltr'><strong>et</strong></span> <span class='ocrx_word' id='word_1_102' title='bbox 814 1897 1209 1962; x_wconf 89' lang='lat' dir='ltr'><strong>orationibus</strong></span> <span class='ocrx_word' id='word_1_103' title='bbox 1273 1898 1550 1963; x_wconf 89' lang='lat' dir='ltr'><strong>multum</strong></span> <span class='ocrx_word' id='word_1_104' title='bbox 1606 1898 1727 1963; x_wconf 91' lang='lat' dir='ltr'><strong>deo</strong></span> <span class='ocrx_word' id='word_1_105' title='bbox 1787 1899 2123 1983; x_wconf 88' lang='lat' dir='ltr'><strong>deuotam,</strong></span> <span class='ocrx_word' id='word_1_106' title='bbox 2188 1900 2280 1963; x_wconf 92' lang='lat' dir='ltr'><strong>ita</strong></span> <span class='ocrx_word' id='word_1_107' title='bbox 2331 1907 2406 1964; x_wconf 91' lang='lat' dir='ltr'><strong>ut</strong></span> <span class='ocrx_word' id='word_1_108' title='bbox 2480 1900 2588 1964; x_wconf 88' lang='lat' dir='ltr'><strong>nil</strong></span> 
     </span>
     <span class='ocr_line' id='line_1_17' title="bbox 425 1985 2584 2074; baseline 0.002 -25"><span class='ocrx_word' id='word_1_109' title='bbox 425 2006 733 2071; x_wconf 89' lang='lat' dir='ltr'><strong>umquam</strong></span> <span class='ocrx_word' id='word_1_110' title='bbox 780 1986 907 2051; x_wconf 90' lang='lat' dir='ltr'><strong>cibi</strong></span> <span class='ocrx_word' id='word_1_111' title='bbox 952 1985 1059 2051; x_wconf 89' lang='lat' dir='ltr'><strong>uel</strong></span> <span class='ocrx_word' id='word_1_112' title='bbox 1103 1995 1293 2074; x_wconf 86' lang='lat' dir='ltr'><strong>potus</strong></span> <span class='ocrx_word' id='word_1_113' title='bbox 1369 1997 1644 2074; x_wconf 84' lang='lat' dir='ltr'><strong>excepta</strong></span> <span class='ocrx_word' id='word_1_114' title='bbox 1708 1988 1814 2053; x_wconf 91' lang='lat' dir='ltr'><strong>die</strong></span> <span class='ocrx_word' id='word_1_115' title='bbox 1859 1987 2180 2053; x_wconf 82' lang='lat' dir='ltr'><strong>dominica</strong></span> <span class='ocrx_word' id='word_1_116' title='bbox 2225 1996 2289 2052; x_wconf 89' lang='lat' dir='ltr'><strong>et</strong></span> <span class='ocrx_word' id='word_1_117' title='bbox 2336 1989 2584 2073; x_wconf 87' lang='lat' dir='ltr'><strong>quinta</strong></span> 
     </span>
     <span class='ocr_line' id='line_1_18' title="bbox 425 2074 2582 2163; baseline 0.002 -25"><span class='ocrx_word' id='word_1_118' title='bbox 425 2074 681 2139; x_wconf 86' lang='lat' dir='ltr'><strong>sabbati</strong></span> <span class='ocrx_word' id='word_1_119' title='bbox 724 2076 1126 2161; x_wconf 89' lang='lat' dir='ltr'><strong>perciperet,</strong></span> <span class='ocrx_word' id='word_1_120' title='bbox 1176 2096 1371 2162; x_wconf 86' lang='lat' dir='ltr'><strong>saepe</strong></span> <span class='ocrx_word' id='word_1_121' title='bbox 1416 2084 1638 2141; x_wconf 83' lang='lat' dir='ltr'><strong>autem</strong></span> <span class='ocrx_word' id='word_1_122' title='bbox 1682 2086 1902 2142; x_wconf 89' lang='lat' dir='ltr'><strong>noctes</strong></span> <span class='ocrx_word' id='word_1_123' title='bbox 1949 2079 2234 2161; x_wconf 89' lang='lat' dir='ltr'><strong>integras</strong></span> <span class='ocrx_word' id='word_1_124' title='bbox 2281 2078 2582 2163; x_wconf 88' lang='lat' dir='ltr'><strong>peruigil</strong></span> 
     </span>
     <span class='ocr_line' id='line_1_19' title="bbox 422 2163 2572 2252; baseline 0.002 -24"><span class='ocrx_word' id='word_1_125' title='bbox 422 2166 488 2229; x_wconf 90' lang='lat' dir='ltr'><strong>in</strong></span> <span class='ocrx_word' id='word_1_126' title='bbox 534 2165 822 2230; x_wconf 90' lang='lat' dir='ltr'><strong>oratione</strong></span> <span class='ocrx_word' id='word_1_127' title='bbox 866 2165 1273 2250; x_wconf 87' lang='lat' dir='ltr'><strong>transigeret.</strong></span> <span class='ocrx_word' id='word_1_128' title='bbox 1369 2163 1553 2244; x_wconf 84' lang='lat' dir='ltr'><strong>Quae</strong></span> <span class='ocrx_word' id='word_1_129' title='bbox 1600 2165 1857 2252; x_wconf 90' lang='lat' dir='ltr'><strong>quidem</strong></span> <span class='ocrx_word' id='word_1_130' title='bbox 1899 2167 1994 2231; x_wconf 91' lang='lat' dir='ltr'><strong>illi</strong></span> <span class='ocrx_word' id='word_1_131' title='bbox 2038 2165 2352 2232; x_wconf 87' lang='lat' dir='ltr'><strong>districtio</strong></span> <span class='ocrx_word' id='word_1_132' title='bbox 2377 2168 2572 2232; x_wconf 87' lang='lat' dir='ltr'><strong>uitae</strong></span> 
     </span>
     <span class='ocr_line' id='line_1_20' title="bbox 420 2254 2567 2341; baseline 0.001 -23"><span class='ocrx_word' id='word_1_133' title='bbox 420 2255 675 2319; x_wconf 87' lang='lat' dir='ltr'><strong>artioris</strong></span> <span class='ocrx_word' id='word_1_134' title='bbox 719 2256 929 2340; x_wconf 91' lang='lat' dir='ltr'><strong>primo</strong></span> <span class='ocrx_word' id='word_1_135' title='bbox 976 2277 1059 2318; x_wconf 88' lang='lat' dir='ltr'><strong>ex</strong></span> <span class='ocrx_word' id='word_1_136' title='bbox 1103 2256 1490 2320; x_wconf 83' lang='lat' dir='ltr'><strong>necessitate</strong></span> <span class='ocrx_word' id='word_1_137' title='bbox 1535 2254 1974 2321; x_wconf 87' lang='lat' dir='ltr'><strong>emendandae</strong></span> <span class='ocrx_word' id='word_1_138' title='bbox 2004 2277 2156 2320; x_wconf 88' lang='lat' dir='ltr'><strong>suae</strong></span> <span class='ocrx_word' id='word_1_139' title='bbox 2210 2257 2567 2341; x_wconf 86' lang='lat' dir='ltr'><strong>prauitatis</strong></span> 
     </span>
     <span class='ocr_line' id='line_1_21' title="bbox 414 2341 2568 2431; baseline 0.001 -24"><span class='ocrx_word' id='word_1_140' title='bbox 414 2343 793 2428; x_wconf 90' lang='lat' dir='ltr'><strong>obuenerat,</strong></span> <span class='ocrx_word' id='word_1_141' title='bbox 858 2341 971 2408; x_wconf 90' lang='lat' dir='ltr'><strong>sed</strong></span> <span class='ocrx_word' id='word_1_142' title='bbox 1014 2343 1409 2430; x_wconf 84' lang='lat' dir='ltr'><strong>procedente</strong></span> <span class='ocrx_word' id='word_1_143' title='bbox 1456 2354 1747 2431; x_wconf 90' lang='lat' dir='ltr'><strong>tempore</strong></span> <span class='ocrx_word' id='word_1_144' title='bbox 1794 2346 2241 2410; x_wconf 89' lang='lat' dir='ltr'><strong>necessitatem</strong></span> <span class='ocrx_word' id='word_1_145' title='bbox 2284 2345 2351 2408; x_wconf 92' lang='lat' dir='ltr'><strong>in</strong></span> <span class='ocrx_word' id='word_1_146' title='bbox 2405 2366 2568 2410; x_wconf 90' lang='lat' dir='ltr'><strong>con-</strong></span> 
     </span>
     <span class='ocr_line' id='line_1_22' title="bbox 428 2431 1178 2497; baseline 0.003 -2"><span class='ocrx_word' id='word_1_147' title='bbox 428 2431 829 2497; x_wconf 85' lang='lat' dir='ltr'><strong>suetudinem</strong></span> <span class='ocrx_word' id='word_1_148' title='bbox 874 2440 1178 2497; x_wconf 90' lang='lat' dir='ltr'><strong>uerterat.</strong></span> 
     </span>
    </p>

    <p class='ocr_par' dir='ltr' id='par_1_6' title="bbox 408 2518 2565 3941">
     <span class='ocr_line' id='line_1_23' title="bbox 595 2518 2565 2607; baseline 0 -20"><span class='ocrx_word' id='word_1_149' title='bbox 595 2518 931 2607; x_wconf 86' lang='lat' dir='ltr'><strong>Siquidem</strong></span> <span class='ocrx_word' id='word_1_150' title='bbox 978 2522 1045 2584; x_wconf 90' lang='lat' dir='ltr'><strong>in</strong></span> <span class='ocrx_word' id='word_1_151' title='bbox 1089 2521 1526 2587; x_wconf 86' lang='lat' dir='ltr'><strong>adulescentia</strong></span> <span class='ocrx_word' id='word_1_152' title='bbox 1585 2545 1700 2586; x_wconf 88' lang='lat' dir='ltr'><strong>sua</strong></span> <span class='ocrx_word' id='word_1_153' title='bbox 1760 2522 2015 2587; x_wconf 89' lang='lat' dir='ltr'><strong>sceleris</strong></span> <span class='ocrx_word' id='word_1_154' title='bbox 2075 2519 2316 2606; x_wconf 88' lang='lat' dir='ltr'><strong>aliquid</strong></span> <span class='ocrx_word' id='word_1_155' title='bbox 2378 2543 2565 2587; x_wconf 89' lang='lat' dir='ltr'><strong>com-</strong></span> 
     </span>
     <span class='ocr_line' id='line_1_24' title="bbox 414 2608 2558 2696; baseline 0 -21"><span class='ocrx_word' id='word_1_156' title='bbox 414 2610 706 2694; x_wconf 89' lang='lat' dir='ltr'><strong>miserat,</strong></span> <span class='ocrx_word' id='word_1_157' title='bbox 756 2608 928 2696; x_wconf 89' lang='lat' dir='ltr'><strong>quod</strong></span> <span class='ocrx_word' id='word_1_158' title='bbox 972 2613 1411 2695; x_wconf 88' lang='lat' dir='ltr'><strong>commissum,</strong></span> <span class='ocrx_word' id='word_1_159' title='bbox 1459 2610 1571 2675; x_wconf 88' lang='lat' dir='ltr'><strong>ubi</strong></span> <span class='ocrx_word' id='word_1_160' title='bbox 1615 2610 1701 2676; x_wconf 92' lang='lat' dir='ltr'><strong>ad</strong></span> <span class='ocrx_word' id='word_1_161' title='bbox 1747 2634 1857 2676; x_wconf 90' lang='lat' dir='ltr'><strong>cor</strong></span> <span class='ocrx_word' id='word_1_162' title='bbox 1901 2633 2085 2675; x_wconf 90' lang='lat' dir='ltr'><strong>suum</strong></span> <span class='ocrx_word' id='word_1_163' title='bbox 2129 2608 2345 2690; x_wconf 84' lang='lat' dir='ltr'><strong>rediit,</strong></span> <span class='ocrx_word' id='word_1_164' title='bbox 2395 2632 2558 2694; x_wconf 89' lang='lat' dir='ltr'><strong>gra-</strong></span> 
     </span>
     <span class='ocr_line' id='line_1_25' title="bbox 412 2696 2549 2788; baseline 0.001 -26"><span class='ocrx_word' id='word_1_165' title='bbox 412 2700 672 2764; x_wconf 89' lang='lat' dir='ltr'><strong>uissime</strong></span> <span class='ocrx_word' id='word_1_166' title='bbox 726 2698 1083 2782; x_wconf 87' lang='lat' dir='ltr'><strong>exhorruit,</strong></span> <span class='ocrx_word' id='word_1_167' title='bbox 1147 2710 1213 2764; x_wconf 92' lang='lat' dir='ltr'><strong>et</strong></span> <span class='ocrx_word' id='word_1_168' title='bbox 1266 2722 1335 2765; x_wconf 89' lang='lat' dir='ltr'><strong>se</strong></span> <span class='ocrx_word' id='word_1_169' title='bbox 1387 2722 1508 2787; x_wconf 88' lang='lat' dir='ltr'><strong>pro</strong></span> <span class='ocrx_word' id='word_1_170' title='bbox 1561 2701 1672 2765; x_wconf 91' lang='lat' dir='ltr'><strong>illo</strong></span> <span class='ocrx_word' id='word_1_171' title='bbox 1725 2698 2117 2788; x_wconf 90' lang='lat' dir='ltr'><strong>puniendum</strong></span> <span class='ocrx_word' id='word_1_172' title='bbox 2161 2721 2202 2763; x_wconf 91' lang='lat' dir='ltr'><strong>a</strong></span> <span class='ocrx_word' id='word_1_173' title='bbox 2243 2696 2549 2764; x_wconf 83' lang='lat' dir='ltr'><strong>districto</strong></span> 
     </span>
     <span class='ocr_line' id='line_1_26' title="bbox 411 2785 2550 2874; baseline 0.002 -24"><span class='ocrx_word' id='word_1_174' title='bbox 411 2785 623 2852; x_wconf 88' lang='lat' dir='ltr'><strong>iudice</strong></span> <span class='ocrx_word' id='word_1_175' title='bbox 665 2788 956 2853; x_wconf 89' lang='lat' dir='ltr'><strong>timebat.</strong></span> <span class='ocrx_word' id='word_1_176' title='bbox 1018 2785 1355 2854; x_wconf 88' lang='lat' dir='ltr'><strong>Accedens</strong></span> <span class='ocrx_word' id='word_1_177' title='bbox 1393 2811 1548 2874; x_wconf 89' lang='lat' dir='ltr'><strong>ergo</strong></span> <span class='ocrx_word' id='word_1_178' title='bbox 1597 2787 1679 2853; x_wconf 92' lang='lat' dir='ltr'><strong>ad</strong></span> <span class='ocrx_word' id='word_1_179' title='bbox 1724 2786 2140 2871; x_wconf 87' lang='lat' dir='ltr'><strong>sacerdotem,</strong></span> <span class='ocrx_word' id='word_1_180' title='bbox 2186 2809 2226 2850; x_wconf 91' lang='lat' dir='ltr'><strong>a</strong></span> <span class='ocrx_word' id='word_1_181' title='bbox 2254 2807 2380 2871; x_wconf 90' lang='lat' dir='ltr'><strong>quo</strong></span> <span class='ocrx_word' id='word_1_182' title='bbox 2413 2789 2550 2854; x_wconf 90' lang='lat' dir='ltr'><strong>sibi</strong></span> 
     </span>
     <span class='ocr_line' id='line_1_27' title="bbox 414 2875 2552 2964; baseline 0.002 -26"><span class='ocrx_word' id='word_1_183' title='bbox 414 2875 717 2962; x_wconf 84' lang='lat' dir='ltr'><strong>sperabat</strong></span> <span class='ocrx_word' id='word_1_184' title='bbox 750 2877 876 2942; x_wconf 90' lang='lat' dir='ltr'><strong>iter</strong></span> <span class='ocrx_word' id='word_1_185' title='bbox 920 2877 1144 2942; x_wconf 90' lang='lat' dir='ltr'><strong>salutis</strong></span> <span class='ocrx_word' id='word_1_186' title='bbox 1188 2900 1380 2964; x_wconf 89' lang='lat' dir='ltr'><strong>posse</strong></span> <span class='ocrx_word' id='word_1_187' title='bbox 1427 2875 1867 2962; x_wconf 89' lang='lat' dir='ltr'><strong>demonstrari,</strong></span> <span class='ocrx_word' id='word_1_188' title='bbox 1916 2878 2240 2942; x_wconf 90' lang='lat' dir='ltr'><strong>confessus</strong></span> <span class='ocrx_word' id='word_1_189' title='bbox 2272 2886 2372 2939; x_wconf 88' lang='lat' dir='ltr'><strong>est</strong></span> <span class='ocrx_word' id='word_1_190' title='bbox 2401 2898 2552 2942; x_wconf 88' lang='lat' dir='ltr'><strong>rea—</strong></span> 
     </span>
     <span class='ocr_line' id='line_1_28' title="bbox 412 2966 2552 3052; baseline 0.001 -25"><span class='ocrx_word' id='word_1_191' title='bbox 412 2973 552 3028; x_wconf 90' lang='lat' dir='ltr'><strong>tum</strong></span> <span class='ocrx_word' id='word_1_192' title='bbox 597 2986 783 3029; x_wconf 89' lang='lat' dir='ltr'><strong>suum</strong></span> <span class='ocrx_word' id='word_1_193' title='bbox 827 2968 1172 3052; x_wconf 87' lang='lat' dir='ltr'><strong>petiitque,</strong></span> <span class='ocrx_word' id='word_1_194' title='bbox 1228 2977 1301 3032; x_wconf 90' lang='lat' dir='ltr'><strong>ut</strong></span> <span class='ocrx_word' id='word_1_195' title='bbox 1348 2968 1682 3032; x_wconf 88' lang='lat' dir='ltr'><strong>consilium</strong></span> <span class='ocrx_word' id='word_1_196' title='bbox 1727 2966 1846 3031; x_wconf 90' lang='lat' dir='ltr'><strong>sibi</strong></span> <span class='ocrx_word' id='word_1_197' title='bbox 1893 2966 2101 3049; x_wconf 89' lang='lat' dir='ltr'><strong>daret,</strong></span> <span class='ocrx_word' id='word_1_198' title='bbox 2149 2986 2272 3050; x_wconf 88' lang='lat' dir='ltr'><strong>quo</strong></span> <span class='ocrx_word' id='word_1_199' title='bbox 2318 2976 2552 3049; x_wconf 87' lang='lat' dir='ltr'><strong>posset</strong></span> 
     </span>
     <span class='ocr_line' id='line_1_29' title="bbox 410 3052 2543 3139; baseline 0.001 -22"><span class='ocrx_word' id='word_1_200' title='bbox 410 3053 638 3139; x_wconf 90' lang='lat' dir='ltr'><strong>fugere</strong></span> <span class='ocrx_word' id='word_1_201' title='bbox 684 3076 725 3119; x_wconf 91' lang='lat' dir='ltr'><strong>a</strong></span> <span class='ocrx_word' id='word_1_202' title='bbox 768 3064 1044 3122; x_wconf 86' lang='lat' dir='ltr'><strong>uentura</strong></span> <span class='ocrx_word' id='word_1_203' title='bbox 1086 3058 1203 3120; x_wconf 89' lang='lat' dir='ltr'><strong>ira.</strong></span> <span class='ocrx_word' id='word_1_204' title='bbox 1296 3054 1425 3134; x_wconf 83' lang='lat' dir='ltr'><strong>Qui</strong></span> <span class='ocrx_word' id='word_1_205' title='bbox 1481 3055 1699 3124; x_wconf 86' lang='lat' dir='ltr'><strong>audito</strong></span> <span class='ocrx_word' id='word_1_206' title='bbox 1758 3058 1892 3120; x_wconf 88' lang='lat' dir='ltr'><strong>eius</strong></span> <span class='ocrx_word' id='word_1_207' title='bbox 1951 3056 2284 3119; x_wconf 87' lang='lat' dir='ltr'><strong>commisso</strong></span> <span class='ocrx_word' id='word_1_208' title='bbox 2345 3052 2543 3120; x_wconf 83' lang='lat' dir='ltr'><strong>dixit:</strong></span> 
     </span>
     <span class='ocr_line' id='line_1_30' title="bbox 414 3140 2551 3228; baseline 0.001 -20"><span class='ocrx_word' id='word_1_209' title='bbox 414 3141 701 3208; x_wconf 82' lang='lat' dir='ltr'><strong>‘Grande</strong></span> <span class='ocrx_word' id='word_1_210' title='bbox 746 3144 975 3208; x_wconf 89' lang='lat' dir='ltr'><strong>uulnus</strong></span> <span class='ocrx_word' id='word_1_211' title='bbox 1022 3143 1386 3228; x_wconf 87' lang='lat' dir='ltr'><strong>grandioris</strong></span> <span class='ocrx_word' id='word_1_212' title='bbox 1432 3168 1653 3210; x_wconf 88' lang='lat' dir='ltr'><strong>curam</strong></span> <span class='ocrx_word' id='word_1_213' title='bbox 1698 3143 2008 3210; x_wconf 86' lang='lat' dir='ltr'><strong>medellae</strong></span> <span class='ocrx_word' id='word_1_214' title='bbox 2070 3140 2414 3225; x_wconf 84' lang='lat' dir='ltr'><strong>desiderat3</strong></span> <span class='ocrx_word' id='word_1_215' title='bbox 2479 3155 2551 3210; x_wconf 90' lang='lat' dir='ltr'><strong>et</strong></span> 
     </span>
     <span class='ocr_line' id='line_1_31' title="bbox 411 3230 2545 3320; baseline 0.001 -25"><span class='ocrx_word' id='word_1_216' title='bbox 411 3232 554 3298; x_wconf 89' lang='lat' dir='ltr'><strong>ideo</strong></span> <span class='ocrx_word' id='word_1_217' title='bbox 600 3233 862 3316; x_wconf 72' lang='lat' dir='ltr'><strong>ieiunia,</strong></span> <span class='ocrx_word' id='word_1_218' title='bbox 919 3234 1185 3320; x_wconf 83' lang='lat' dir='ltr'><strong>psalmis</strong></span> <span class='ocrx_word' id='word_1_219' title='bbox 1230 3243 1296 3298; x_wconf 90' lang='lat' dir='ltr'><strong>et</strong></span> <span class='ocrx_word' id='word_1_220' title='bbox 1343 3235 1766 3315; x_wconf 88' lang='lat' dir='ltr'><strong>orationibus,</strong></span> <span class='ocrx_word' id='word_1_221' title='bbox 1829 3242 2135 3320; x_wconf 87' lang='lat' dir='ltr'><strong>quantum</strong></span> <span class='ocrx_word' id='word_1_222' title='bbox 2180 3230 2386 3313; x_wconf 89' lang='lat' dir='ltr'><strong>uales,</strong></span> <span class='ocrx_word' id='word_1_223' title='bbox 2447 3233 2545 3297; x_wconf 86' lang='lat' dir='ltr'><strong>in-</strong></span> 
     </span>
     <span class='ocr_line' id='line_1_32' title="bbox 412 3319 2541 3409; baseline 0.002 -25"><span class='ocrx_word' id='word_1_224' title='bbox 412 3322 591 3405; x_wconf 88' lang='lat' dir='ltr'><strong>siste,</strong></span> <span class='ocrx_word' id='word_1_225' title='bbox 653 3343 780 3407; x_wconf 88' lang='lat' dir='ltr'><strong>quo</strong></span> <span class='ocrx_word' id='word_1_226' title='bbox 840 3323 1374 3409; x_wconf 89' lang='lat' dir='ltr'><strong>praeoccupando</strong></span> <span class='ocrx_word' id='word_1_227' title='bbox 1434 3323 1666 3389; x_wconf 85' lang='lat' dir='ltr'><strong>faciem</strong></span> <span class='ocrx_word' id='word_1_228' title='bbox 1725 3322 1962 3388; x_wconf 91' lang='lat' dir='ltr'><strong>domini</strong></span> <span class='ocrx_word' id='word_1_229' title='bbox 2015 3323 2082 3384; x_wconf 90' lang='lat' dir='ltr'><strong>in</strong></span> <span class='ocrx_word' id='word_1_230' title='bbox 2140 3319 2541 3388; x_wconf 86' lang='lat' dir='ltr'><strong>confessione</strong></span> 
     </span>
     <span class='ocr_line' id='line_1_33' title="bbox 408 3409 2544 3498; baseline 0 -24"><span class='ocrx_word' id='word_1_231' title='bbox 408 3411 763 3498; x_wconf 87' lang='lat' dir='ltr'><strong>propitium</strong></span> <span class='ocrx_word' id='word_1_232' title='bbox 808 3432 957 3476; x_wconf 88' lang='lat' dir='ltr'><strong>eum</strong></span> <span class='ocrx_word' id='word_1_233' title='bbox 1002 3413 1292 3477; x_wconf 90' lang='lat' dir='ltr'><strong>inuenire</strong></span> <span class='ocrx_word' id='word_1_234' title='bbox 1338 3412 1689 3477; x_wconf 56' lang='lat' dir='ltr'><strong>merearis)</strong></span> <span class='ocrx_word' id='word_1_235' title='bbox 1764 3411 1858 3476; x_wconf 89' lang='lat' dir='ltr'><strong>At</strong></span> <span class='ocrx_word' id='word_1_236' title='bbox 1901 3411 2027 3494; x_wconf 88' lang='lat' dir='ltr'><strong>ille,</strong></span> <span class='ocrx_word' id='word_1_237' title='bbox 2074 3430 2264 3494; x_wconf 87' lang='lat' dir='ltr'><strong>quem</strong></span> <span class='ocrx_word' id='word_1_238' title='bbox 2309 3409 2544 3475; x_wconf 87' lang='lat' dir='ltr'><strong>nimius</strong></span> 
     </span>
     <span class='ocr_line' id='line_1_34' title="bbox 408 3499 2540 3586; baseline 0.001 -25"><span class='ocrx_word' id='word_1_239' title='bbox 408 3520 558 3564; x_wconf 87' lang='lat' dir='ltr'><strong>reae</strong></span> <span class='ocrx_word' id='word_1_240' title='bbox 605 3501 1035 3565; x_wconf 88' lang='lat' dir='ltr'><strong>conscientiae</strong></span> <span class='ocrx_word' id='word_1_241' title='bbox 1079 3500 1346 3566; x_wconf 87' lang='lat' dir='ltr'><strong>tenebat</strong></span> <span class='ocrx_word' id='word_1_242' title='bbox 1400 3499 1610 3586; x_wconf 90' lang='lat' dir='ltr'><strong>dolor,</strong></span> <span class='ocrx_word' id='word_1_243' title='bbox 1671 3511 1740 3566; x_wconf 90' lang='lat' dir='ltr'><strong>et</strong></span> <span class='ocrx_word' id='word_1_244' title='bbox 1803 3499 2069 3565; x_wconf 88' lang='lat' dir='ltr'><strong>internis</strong></span> <span class='ocrx_word' id='word_1_245' title='bbox 2128 3505 2540 3583; x_wconf 87' lang='lat' dir='ltr'><strong>peccatorum</strong></span> 
     </span>
     <span class='ocr_line' id='line_1_35' title="bbox 409 3584 2535 3675; baseline 0.001 -24"><span class='ocrx_word' id='word_1_246' title='bbox 409 3589 709 3670; x_wconf 88' lang='lat' dir='ltr'><strong>uinculis,</strong></span> <span class='ocrx_word' id='word_1_247' title='bbox 774 3588 1005 3675; x_wconf 89' lang='lat' dir='ltr'><strong>quibus</strong></span> <span class='ocrx_word' id='word_1_248' title='bbox 1070 3590 1496 3675; x_wconf 87' lang='lat' dir='ltr'><strong>grauabatur,</strong></span> <span class='ocrx_word' id='word_1_249' title='bbox 1565 3592 1739 3655; x_wconf 87' lang='lat' dir='ltr'><strong>ocius</strong></span> <span class='ocrx_word' id='word_1_250' title='bbox 1797 3584 2198 3654; x_wconf 86' lang='lat' dir='ltr'><strong>desiderabat</strong></span> <span class='ocrx_word' id='word_1_251' title='bbox 2260 3585 2535 3653; x_wconf 84' lang='lat' dir='ltr'><strong>absolui:</strong></span> 
     </span>
     <span class='ocr_line' id='line_1_36' title="bbox 411 3673 2530 3764; baseline 0.001 -25"><span class='ocrx_word' id='word_1_252' title='bbox 411 3673 926 3742; x_wconf 79' lang='lat' dir='ltr'><strong>‘Aduliscentior&#39;</strong></span> <span class='ocrx_word' id='word_1_253' title='bbox 994 3680 1202 3764; x_wconf 89' lang='lat' dir='ltr'><strong>inquit</strong></span> <span class='ocrx_word' id='word_1_254' title='bbox 1266 3678 1430 3744; x_wconf 84' lang='lat' dir='ltr'><strong>‘su-m</strong></span> <span class='ocrx_word' id='word_1_255' title='bbox 1493 3688 1710 3745; x_wconf 89' lang='lat' dir='ltr'><strong>aetate</strong></span> <span class='ocrx_word' id='word_1_256' title='bbox 1773 3689 1840 3745; x_wconf 88' lang='lat' dir='ltr'><strong>et</strong></span> <span class='ocrx_word' id='word_1_257' title='bbox 1905 3684 2172 3760; x_wconf 87' lang='lat' dir='ltr'><strong>uegetus</strong></span> <span class='ocrx_word' id='word_1_258' title='bbox 2234 3696 2530 3760; x_wconf 87' lang='lat' dir='ltr'><strong>corpore:</strong></span> 
     </span>
     <span class='ocr_line' id='line_1_37' title="bbox 410 3761 2534 3853; baseline 0.002 -27"><span class='ocrx_word' id='word_1_259' title='bbox 410 3763 711 3850; x_wconf 89' lang='lat' dir='ltr'><strong>quicquid</strong></span> <span class='ocrx_word' id='word_1_260' title='bbox 758 3763 917 3830; x_wconf 90' lang='lat' dir='ltr'><strong>mihi</strong></span> <span class='ocrx_word' id='word_1_261' title='bbox 960 3767 1320 3853; x_wconf 87' lang='lat' dir='ltr'><strong>inposueris</strong></span> <span class='ocrx_word' id='word_1_262' title='bbox 1367 3768 1709 3853; x_wconf 89' lang='lat' dir='ltr'><strong>agendum,</strong></span> <span class='ocrx_word' id='word_1_263' title='bbox 1759 3764 2096 3833; x_wconf 87' lang='lat' dir='ltr'><strong>dummodo</strong></span> <span class='ocrx_word' id='word_1_264' title='bbox 2141 3761 2360 3828; x_wconf 85' lang='lat' dir='ltr'><strong>saluus</strong></span> <span class='ocrx_word' id='word_1_265' title='bbox 2389 3763 2534 3830; x_wconf 89' lang='lat' dir='ltr'><strong>fiam</strong></span> 
     </span>
     <span class='ocr_line' id='line_1_38' title="bbox 409 3850 2530 3941; baseline 0.002 -28"><span class='ocrx_word' id='word_1_266' title='bbox 409 3853 477 3915; x_wconf 90' lang='lat' dir='ltr'><strong>in</strong></span> <span class='ocrx_word' id='word_1_267' title='bbox 508 3851 613 3917; x_wconf 90' lang='lat' dir='ltr'><strong>die</strong></span> <span class='ocrx_word' id='word_1_268' title='bbox 644 3850 906 3938; x_wconf 89' lang='lat' dir='ltr'><strong>domini,</strong></span> <span class='ocrx_word' id='word_1_269' title='bbox 950 3864 1158 3920; x_wconf 89' lang='lat' dir='ltr'><strong>totum</strong></span> <span class='ocrx_word' id='word_1_270' title='bbox 1204 3855 1394 3922; x_wconf 87' lang='lat' dir='ltr'><strong>facile</strong></span> <span class='ocrx_word' id='word_1_271' title='bbox 1439 3857 1668 3941; x_wconf 86' lang='lat' dir='ltr'><strong>feram,</strong></span> <span class='ocrx_word' id='word_1_272' title='bbox 1716 3859 1911 3922; x_wconf 88' lang='lat' dir='ltr'><strong>etiam</strong></span> <span class='ocrx_word' id='word_1_273' title='bbox 1937 3855 1992 3918; x_wconf 89' lang='lat' dir='ltr'><strong>si</strong></span> <span class='ocrx_word' id='word_1_274' title='bbox 2035 3860 2236 3918; x_wconf 88' lang='lat' dir='ltr'><strong>totam</strong></span> <span class='ocrx_word' id='word_1_275' title='bbox 2279 3862 2530 3918; x_wconf 87' lang='lat' dir='ltr'><strong>noctem</strong></span> 
     </span>
    </p>
   </div>
  </div>
 </body>
</html>
