<?xml version="1.0" encoding="UTF-8"?>
<!DOCTYPE html PUBLIC "-//W3C//DTD XHTML 1.0 Transitional//EN"
    "http://www.w3.org/TR/xhtml1/DTD/xhtml1-transitional.dtd">
<html xmlns="http://www.w3.org/1999/xhtml" xml:lang="en" lang="en">
 <head>
  <title>
</title>
<meta http-equiv="Content-Type" content="text/html;charset=utf-8" />
  <meta name='ocr-system' content='tesseract 3.04.00' />
  <meta name='ocr-capabilities' content='ocr_page ocr_carea ocr_par ocr_line ocrx_word'/>
</head>
<body>
  <div class='ocr_page' id='page_1' title='image "./historiaecclesi00venegoog_0204.png"; bbox 0 0 2723 4326; ppageno 0'>
   <div class='ocr_carea' id='block_1_1' title="bbox 413 205 2543 272">
    <p class='ocr_par' dir='ltr' id='par_1_1' title="bbox 413 205 2543 272">
     <span class='ocr_line' id='line_1_1' title="bbox 413 205 2543 272; baseline -0.007 0"><span class='ocrx_word' id='word_1_1' title='bbox 413 209 539 272; x_wconf 83' lang='grc'><strong>192</strong></span> <span class='ocrx_word' id='word_1_2' title='bbox 2150 205 2273 259; x_wconf 90' lang='lat'>1111.</span> <span class='ocrx_word' id='word_1_3' title='bbox 2315 206 2543 262; x_wconf 83' lang='lat'>16—17.</span> 
     </span>
    </p>
   </div>
   <div class='ocr_carea' id='block_1_2' title="bbox 409 382 2548 3115">
    <p class='ocr_par' dir='ltr' id='par_1_2' title="bbox 409 382 2548 2249">
     <span class='ocr_line' id='line_1_2' title="bbox 410 382 2547 472; baseline 0 -24"><span class='ocrx_word' id='word_1_4' title='bbox 410 385 773 472; x_wconf 88' lang='lat' dir='ltr'><strong>proximam</strong></span> <span class='ocrx_word' id='word_1_5' title='bbox 816 382 1109 448; x_wconf 90' lang='lat' dir='ltr'><strong>Iutorum</strong></span> <span class='ocrx_word' id='word_1_6' title='bbox 1155 383 1552 469; x_wconf 89' lang='lat' dir='ltr'><strong>prouinciam</strong></span> <span class='ocrx_word' id='word_1_7' title='bbox 1599 382 1923 448; x_wconf 82' lang='lat' dir='ltr'><strong>translati:</strong></span> <span class='ocrx_word' id='word_1_8' title='bbox 1972 382 2104 465; x_wconf 92' lang='lat' dir='ltr'><strong>ubi,</strong></span> <span class='ocrx_word' id='word_1_9' title='bbox 2153 405 2299 449; x_wconf 89' lang='lat' dir='ltr'><strong>cum</strong></span> <span class='ocrx_word' id='word_1_10' title='bbox 2345 382 2547 449; x_wconf 89' lang='lat' dir='ltr'><strong>delati</strong></span> 
     </span>
     <span class='ocr_line' id='line_1_3' title="bbox 412 469 2547 558; baseline -0 -20"><span class='ocrx_word' id='word_1_11' title='bbox 412 476 477 538; x_wconf 91' lang='lat' dir='ltr'><strong>in</strong></span> <span class='ocrx_word' id='word_1_12' title='bbox 554 474 793 556; x_wconf 90' lang='lat' dir='ltr'><strong>locum,</strong></span> <span class='ocrx_word' id='word_1_13' title='bbox 877 473 987 558; x_wconf 90' lang='lat' dir='ltr'><strong>qui</strong></span> <span class='ocrx_word' id='word_1_14' title='bbox 1074 481 1341 537; x_wconf 87' lang='lat' dir='ltr'><strong>uocatur</strong></span> <span class='ocrx_word' id='word_1_15' title='bbox 1405 469 1512 535; x_wconf 92' lang='lat' dir='ltr'><strong>Ad</strong></span> <span class='ocrx_word' id='word_1_16' title='bbox 1576 469 1923 558; x_wconf 80' lang='lat' dir='ltr'><strong>Lapidem,</strong></span> <span class='ocrx_word' id='word_1_17' title='bbox 2014 471 2397 537; x_wconf 90' lang='lat' dir='ltr'><strong>occulendos</strong></span> <span class='ocrx_word' id='word_1_18' title='bbox 2476 495 2547 537; x_wconf 91' lang='lat' dir='ltr'><strong>se</strong></span> 
     </span>
     <span class='ocr_line' id='line_1_4' title="bbox 413 558 2547 648; baseline -0.001 -21"><span class='ocrx_word' id='word_1_19' title='bbox 413 585 454 627; x_wconf 97' lang='lat' dir='ltr'><strong>a</strong></span> <span class='ocrx_word' id='word_1_20' title='bbox 511 563 676 628; x_wconf 89' lang='lat' dir='ltr'><strong>facie</strong></span> <span class='ocrx_word' id='word_1_21' title='bbox 739 563 914 646; x_wconf 89' lang='lat' dir='ltr'><strong>regis</strong></span> <span class='ocrx_word' id='word_1_22' title='bbox 977 561 1242 626; x_wconf 88' lang='lat' dir='ltr'><strong>uictoris</strong></span> <span class='ocrx_word' id='word_1_23' title='bbox 1313 558 1761 641; x_wconf 77' lang='lat' dir='ltr'><strong>credidissent,</strong></span> <span class='ocrx_word' id='word_1_24' title='bbox 1844 561 2081 648; x_wconf 89' lang='lat' dir='ltr'><strong>proditi</strong></span> <span class='ocrx_word' id='word_1_25' title='bbox 2142 570 2290 626; x_wconf 89' lang='lat' dir='ltr'><strong>sunt</strong></span> <span class='ocrx_word' id='word_1_26' title='bbox 2350 570 2547 646; x_wconf 86' lang='lat' dir='ltr'><strong>atque</strong></span> 
     </span>
     <span class='ocr_line' id='line_1_5' title="bbox 409 647 2547 737; baseline -0.002 -19"><span class='ocrx_word' id='word_1_27' title='bbox 409 651 615 718; x_wconf 86' lang='lat' dir='ltr'><strong>occidi</strong></span> <span class='ocrx_word' id='word_1_28' title='bbox 662 651 835 715; x_wconf 89' lang='lat' dir='ltr'><strong>iussi.</strong></span> <span class='ocrx_word' id='word_1_29' title='bbox 930 647 1120 728; x_wconf 82' lang='lat' dir='ltr'><strong>Quod</strong></span> <span class='ocrx_word' id='word_1_30' title='bbox 1165 672 1311 714; x_wconf 90' lang='lat' dir='ltr'><strong>cum</strong></span> <span class='ocrx_word' id='word_1_31' title='bbox 1368 647 1650 714; x_wconf 77' lang='lat' dir='ltr'><strong>audisset</strong></span> <span class='ocrx_word' id='word_1_32' title='bbox 1704 648 1907 714; x_wconf 86' lang='lat' dir='ltr'><strong>abbas</strong></span> <span class='ocrx_word' id='word_1_33' title='bbox 1953 650 2214 735; x_wconf 90' lang='lat' dir='ltr'><strong>quidam</strong></span> <span class='ocrx_word' id='word_1_34' title='bbox 2260 659 2325 714; x_wconf 90' lang='lat' dir='ltr'><strong>et</strong></span> <span class='ocrx_word' id='word_1_35' title='bbox 2369 672 2547 737; x_wconf 87' lang='lat' dir='ltr'><strong>pres·</strong></span> 
     </span>
     <span class='ocr_line' id='line_1_6' title="bbox 410 737 2548 825; baseline 0 -21"><span class='ocrx_word' id='word_1_36' title='bbox 410 742 601 825; x_wconf 88' lang='lat' dir='ltr'><strong>byter</strong></span> <span class='ocrx_word' id='word_1_37' title='bbox 659 737 974 804; x_wconf 91' lang='lat' dir='ltr'><strong>uocabulo</strong></span> <span class='ocrx_word' id='word_1_38' title='bbox 1039 737 1418 823; x_wconf 87' lang='lat' dir='ltr'><strong>Cyniberct,</strong></span> <span class='ocrx_word' id='word_1_39' title='bbox 1491 737 1735 803; x_wconf 88' lang='lat' dir='ltr'><strong>habens</strong></span> <span class='ocrx_word' id='word_1_40' title='bbox 1796 760 1924 803; x_wconf 92' lang='lat' dir='ltr'><strong>non</strong></span> <span class='ocrx_word' id='word_1_41' title='bbox 1988 739 2181 824; x_wconf 90' lang='lat' dir='ltr'><strong>longe</strong></span> <span class='ocrx_word' id='word_1_42' title='bbox 2249 739 2330 804; x_wconf 86' lang='lat' dir='ltr'><strong>ab</strong></span> <span class='ocrx_word' id='word_1_43' title='bbox 2397 737 2548 804; x_wconf 89' lang='lat' dir='ltr'><strong>inde</strong></span> 
     </span>
     <span class='ocr_line' id='line_1_7' title="bbox 411 825 2545 913; baseline 0 -19"><span class='ocrx_word' id='word_1_44' title='bbox 411 830 870 894; x_wconf 87' lang='lat' dir='ltr'><strong>monasterium</strong></span> <span class='ocrx_word' id='word_1_45' title='bbox 914 829 984 891; x_wconf 88' lang='lat' dir='ltr'><strong>in</strong></span> <span class='ocrx_word' id='word_1_46' title='bbox 1027 827 1196 909; x_wconf 85' lang='lat' dir='ltr'><strong>loce,</strong></span> <span class='ocrx_word' id='word_1_47' title='bbox 1260 829 1370 913; x_wconf 92' lang='lat' dir='ltr'><strong>qui</strong></span> <span class='ocrx_word' id='word_1_48' title='bbox 1414 837 1682 892; x_wconf 89' lang='lat' dir='ltr'><strong>uocatur</strong></span> <span class='ocrx_word' id='word_1_49' title='bbox 1727 826 2113 911; x_wconf 88' lang='lat' dir='ltr'><strong>Hreutford,</strong></span> <span class='ocrx_word' id='word_1_50' title='bbox 2176 825 2245 892; x_wconf 92' lang='lat' dir='ltr'><strong>id</strong></span> <span class='ocrx_word' id='word_1_51' title='bbox 2289 837 2388 893; x_wconf 90' lang='lat' dir='ltr'><strong>est</strong></span> <span class='ocrx_word' id='word_1_52' title='bbox 2432 851 2545 896; x_wconf 88' lang='lat' dir='ltr'><strong>na·.</strong></span> 
     </span>
     <span class='ocr_line' id='line_1_8' title="bbox 411 914 2547 1004; baseline -0.001 -22"><span class='ocrx_word' id='word_1_53' title='bbox 411 916 566 982; x_wconf 88' lang='lat' dir='ltr'><strong>dum</strong></span> <span class='ocrx_word' id='word_1_54' title='bbox 611 917 1002 1000; x_wconf 86' lang='lat' dir='ltr'><strong>harundinis,</strong></span> <span class='ocrx_word' id='word_1_55' title='bbox 1048 918 1228 981; x_wconf 90' lang='lat' dir='ltr'><strong>uenit</strong></span> <span class='ocrx_word' id='word_1_56' title='bbox 1271 914 1353 980; x_wconf 88' lang='lat' dir='ltr'><strong>ad</strong></span> <span class='ocrx_word' id='word_1_57' title='bbox 1398 937 1642 1000; x_wconf 87' lang='lat' dir='ltr'><strong>regem,</strong></span> <span class='ocrx_word' id='word_1_58' title='bbox 1692 917 1801 1000; x_wconf 90' lang='lat' dir='ltr'><strong>qui</strong></span> <span class='ocrx_word' id='word_1_59' title='bbox 1829 926 1985 981; x_wconf 92' lang='lat' dir='ltr'><strong>tunc</strong></span> <span class='ocrx_word' id='word_1_60' title='bbox 2031 915 2276 982; x_wconf 89' lang='lat' dir='ltr'><strong>eisdem</strong></span> <span class='ocrx_word' id='word_1_61' title='bbox 2305 918 2372 980; x_wconf 90' lang='lat' dir='ltr'><strong>in</strong></span> <span class='ocrx_word' id='word_1_62' title='bbox 2403 938 2547 1004; x_wconf 88' lang='lat' dir='ltr'><strong>par-</strong></span> 
     </span>
     <span class='ocr_line' id='line_1_9' title="bbox 410 1005 2547 1091; baseline -0 -20"><span class='ocrx_word' id='word_1_63' title='bbox 410 1007 582 1071; x_wconf 90' lang='lat' dir='ltr'><strong>tibus</strong></span> <span class='ocrx_word' id='word_1_64' title='bbox 652 1006 936 1071; x_wconf 89' lang='lat' dir='ltr'><strong>occultus</strong></span> <span class='ocrx_word' id='word_1_65' title='bbox 1001 1006 1344 1071; x_wconf 83' lang='lat' dir='ltr'><strong>curabatur</strong></span> <span class='ocrx_word' id='word_1_66' title='bbox 1388 1028 1429 1070; x_wconf 91' lang='lat' dir='ltr'><strong>a</strong></span> <span class='ocrx_word' id='word_1_67' title='bbox 1473 1005 1876 1089; x_wconf 90' lang='lat' dir='ltr'><strong>uulneribus,</strong></span> <span class='ocrx_word' id='word_1_68' title='bbox 1948 1027 2113 1091; x_wconf 85' lang='lat' dir='ltr'><strong>quae</strong></span> <span class='ocrx_word' id='word_1_69' title='bbox 2178 1007 2238 1071; x_wconf 90' lang='lat' dir='ltr'><strong>ei</strong></span> <span class='ocrx_word' id='word_1_70' title='bbox 2304 1006 2547 1071; x_wconf 88' lang='lat' dir='ltr'><strong>inflicta</strong></span> 
     </span>
     <span class='ocr_line' id='line_1_10' title="bbox 411 1093 2546 1181; baseline 0 -22"><span class='ocrx_word' id='word_1_71' title='bbox 411 1093 668 1160; x_wconf 76' lang='lat' dir='ltr'><strong>fuerant</strong></span> <span class='ocrx_word' id='word_1_72' title='bbox 725 1095 1067 1181; x_wconf 88' lang='lat' dir='ltr'><strong>proelianti</strong></span> <span class='ocrx_word' id='word_1_73' title='bbox 1112 1096 1181 1159; x_wconf 93' lang='lat' dir='ltr'><strong>in</strong></span> <span class='ocrx_word' id='word_1_74' title='bbox 1224 1093 1435 1159; x_wconf 89' lang='lat' dir='ltr'><strong>insula</strong></span> <span class='ocrx_word' id='word_1_75' title='bbox 1478 1094 1715 1159; x_wconf 84' lang='lat' dir='ltr'><strong>Vecta:</strong></span> <span class='ocrx_word' id='word_1_76' title='bbox 1778 1096 2256 1181; x_wconf 79' lang='lat' dir='ltr'><strong>postulauitque</strong></span> <span class='ocrx_word' id='word_1_77' title='bbox 2316 1095 2400 1160; x_wconf 88' lang='lat' dir='ltr'><strong>ab</strong></span> <span class='ocrx_word' id='word_1_78' title='bbox 2449 1117 2546 1176; x_wconf 89' lang='lat' dir='ltr'><strong>ee,</strong></span> 
     </span>
     <span class='ocr_line' id='line_1_11' title="bbox 411 1183 2548 1270; baseline -0 -21"><span class='ocrx_word' id='word_1_79' title='bbox 411 1194 501 1267; x_wconf 90' lang='lat' dir='ltr'><strong>ut,</strong></span> <span class='ocrx_word' id='word_1_80' title='bbox 551 1186 605 1248; x_wconf 90' lang='lat' dir='ltr'><strong>si</strong></span> <span class='ocrx_word' id='word_1_81' title='bbox 650 1205 912 1248; x_wconf 89' lang='lat' dir='ltr'><strong>necesse</strong></span> <span class='ocrx_word' id='word_1_82' title='bbox 959 1192 1128 1247; x_wconf 88' lang='lat' dir='ltr'><strong>esset</strong></span> <span class='ocrx_word' id='word_1_83' title='bbox 1173 1204 1405 1270; x_wconf 90' lang='lat' dir='ltr'><strong>pueros</strong></span> <span class='ocrx_word' id='word_1_84' title='bbox 1447 1183 1741 1266; x_wconf 85' lang='lat' dir='ltr'><strong>interfici,</strong></span> <span class='ocrx_word' id='word_1_85' title='bbox 1789 1183 1967 1269; x_wconf 90' lang='lat' dir='ltr'><strong>prius</strong></span> <span class='ocrx_word' id='word_1_86' title='bbox 2000 1205 2107 1250; x_wconf 90' lang='lat' dir='ltr'><strong>eos</strong></span> <span class='ocrx_word' id='word_1_87' title='bbox 2140 1185 2366 1248; x_wconf 88' lang='lat' dir='ltr'><strong>liceret</strong></span> <span class='ocrx_word' id='word_1_88' title='bbox 2395 1183 2548 1248; x_wconf 90' lang='lat' dir='ltr'><strong>fidei</strong></span> 
     </span>
     <span class='ocr_line' id='line_1_12' title="bbox 413 1269 2541 1359; baseline -0.001 -21"><span class='ocrx_word' id='word_1_89' title='bbox 413 1272 819 1338; x_wconf 82' lang='lat' dir='ltr'><strong>Christianae</strong></span> <span class='ocrx_word' id='word_1_90' title='bbox 865 1274 1284 1336; x_wconf 83' lang='lat' dir='ltr'><strong>sacramentis</strong></span> <span class='ocrx_word' id='word_1_91' title='bbox 1330 1271 1526 1336; x_wconf 91' lang='lat' dir='ltr'><strong>inbui.</strong></span> <span class='ocrx_word' id='word_1_92' title='bbox 1594 1269 1924 1337; x_wconf 87' lang='lat' dir='ltr'><strong>Concessit</strong></span> <span class='ocrx_word' id='word_1_93' title='bbox 1966 1295 2105 1356; x_wconf 90' lang='lat' dir='ltr'><strong>rex,</strong></span> <span class='ocrx_word' id='word_1_94' title='bbox 2152 1282 2217 1337; x_wconf 91' lang='lat' dir='ltr'><strong>et</strong></span> <span class='ocrx_word' id='word_1_95' title='bbox 2264 1274 2403 1359; x_wconf 91' lang='lat' dir='ltr'><strong>ipse</strong></span> <span class='ocrx_word' id='word_1_96' title='bbox 2448 1275 2541 1336; x_wconf 89' lang='lat' dir='ltr'><strong>in-</strong></span> 
     </span>
     <span class='ocr_line' id='line_1_13' title="bbox 413 1360 2545 1445; baseline 0.001 -21"><span class='ocrx_word' id='word_1_97' title='bbox 413 1370 688 1426; x_wconf 88' lang='lat' dir='ltr'><strong>structos</strong></span> <span class='ocrx_word' id='word_1_98' title='bbox 744 1360 944 1428; x_wconf 88' lang='lat' dir='ltr'><strong>uerbo</strong></span> <span class='ocrx_word' id='word_1_99' title='bbox 1004 1361 1297 1425; x_wconf 87' lang='lat' dir='ltr'><strong>ueritatis</strong></span> <span class='ocrx_word' id='word_1_100' title='bbox 1351 1383 1429 1425; x_wconf 87' lang='lat' dir='ltr'><strong>ac</strong></span> <span class='ocrx_word' id='word_1_101' title='bbox 1476 1360 1655 1425; x_wconf 88' lang='lat' dir='ltr'><strong>fonte</strong></span> <span class='ocrx_word' id='word_1_102' title='bbox 1715 1360 2053 1426; x_wconf 87' lang='lat' dir='ltr'><strong>saluatoris</strong></span> <span class='ocrx_word' id='word_1_103' title='bbox 2115 1361 2398 1445; x_wconf 89' lang='lat' dir='ltr'><strong>ablutos,</strong></span> <span class='ocrx_word' id='word_1_104' title='bbox 2465 1362 2545 1426; x_wconf 90' lang='lat' dir='ltr'><strong>de</strong></span> 
     </span>
     <span class='ocr_line' id='line_1_14' title="bbox 412 1448 2545 1536; baseline 0 -23"><span class='ocrx_word' id='word_1_105' title='bbox 412 1452 708 1535; x_wconf 87' lang='lat' dir='ltr'><strong>ingressu</strong></span> <span class='ocrx_word' id='word_1_106' title='bbox 761 1449 947 1533; x_wconf 90' lang='lat' dir='ltr'><strong>regni</strong></span> <span class='ocrx_word' id='word_1_107' title='bbox 1001 1451 1246 1514; x_wconf 89' lang='lat' dir='ltr'><strong>aeterni</strong></span> <span class='ocrx_word' id='word_1_108' title='bbox 1293 1459 1506 1516; x_wconf 89' lang='lat' dir='ltr'><strong>certos</strong></span> <span class='ocrx_word' id='word_1_109' title='bbox 1560 1448 1857 1516; x_wconf 87' lang='lat' dir='ltr'><strong>reddidit.</strong></span> <span class='ocrx_word' id='word_1_110' title='bbox 1950 1448 2237 1536; x_wconf 88' lang='lat' dir='ltr'><strong>Moxque</strong></span> <span class='ocrx_word' id='word_1_111' title='bbox 2304 1450 2399 1516; x_wconf 91' lang='lat' dir='ltr'><strong>illi</strong></span> <span class='ocrx_word' id='word_1_112' title='bbox 2454 1452 2545 1514; x_wconf 88' lang='lat' dir='ltr'><strong>in·</strong></span> 
     </span>
     <span class='ocr_line' id='line_1_15' title="bbox 411 1537 2545 1626; baseline 0 -23"><span class='ocrx_word' id='word_1_113' title='bbox 411 1547 624 1604; x_wconf 88' lang='lat' dir='ltr'><strong>stante</strong></span> <span class='ocrx_word' id='word_1_114' title='bbox 687 1537 990 1603; x_wconf 87' lang='lat' dir='ltr'><strong>carnifice</strong></span> <span class='ocrx_word' id='word_1_115' title='bbox 1051 1548 1327 1603; x_wconf 90' lang='lat' dir='ltr'><strong>mortem</strong></span> <span class='ocrx_word' id='word_1_116' title='bbox 1372 1539 1524 1602; x_wconf 88' lang='lat' dir='ltr'><strong>laeti</strong></span> <span class='ocrx_word' id='word_1_117' title='bbox 1582 1539 1838 1603; x_wconf 87' lang='lat' dir='ltr'><strong>subiere</strong></span> <span class='ocrx_word' id='word_1_118' title='bbox 1907 1541 2362 1625; x_wconf 88' lang='lat' dir='ltr'><strong>temporalem,</strong></span> <span class='ocrx_word' id='word_1_119' title='bbox 2430 1561 2545 1626; x_wconf 87' lang='lat' dir='ltr'><strong>per</strong></span> 
     </span>
     <span class='ocr_line' id='line_1_16' title="bbox 413 1625 2544 1714; baseline 0.001 -24"><span class='ocrx_word' id='word_1_120' title='bbox 413 1650 607 1714; x_wconf 86' lang='lat' dir='ltr'><strong>quam</strong></span> <span class='ocrx_word' id='word_1_121' title='bbox 639 1649 706 1692; x_wconf 93' lang='lat' dir='ltr'><strong>se</strong></span> <span class='ocrx_word' id='word_1_122' title='bbox 737 1625 820 1691; x_wconf 88' lang='lat' dir='ltr'><strong>ad</strong></span> <span class='ocrx_word' id='word_1_123' title='bbox 848 1628 1050 1691; x_wconf 87' lang='lat' dir='ltr'><strong>uitam</strong></span> <span class='ocrx_word' id='word_1_124' title='bbox 1088 1628 1340 1692; x_wconf 89' lang='lat' dir='ltr'><strong>animae</strong></span> <span class='ocrx_word' id='word_1_125' title='bbox 1388 1637 1766 1714; x_wconf 89' lang='lat' dir='ltr'><strong>perpetuam</strong></span> <span class='ocrx_word' id='word_1_126' title='bbox 1812 1648 1940 1692; x_wconf 92' lang='lat' dir='ltr'><strong>non</strong></span> <span class='ocrx_word' id='word_1_127' title='bbox 1988 1627 2370 1693; x_wconf 88' lang='lat' dir='ltr'><strong>dubitabant</strong></span> <span class='ocrx_word' id='word_1_128' title='bbox 2405 1650 2544 1692; x_wconf 90' lang='lat' dir='ltr'><strong>esse</strong></span> 
     </span>
     <span class='ocr_line' id='line_1_17' title="bbox 410 1715 2545 1803; baseline 0 -21"><span class='ocrx_word' id='word_1_129' title='bbox 410 1718 810 1782; x_wconf 88' lang='lat' dir='ltr'><strong>transituros.</strong></span> <span class='ocrx_word' id='word_1_130' title='bbox 891 1715 1038 1780; x_wconf 91' lang='lat' dir='ltr'><strong>Hoc</strong></span> <span class='ocrx_word' id='word_1_131' title='bbox 1086 1738 1243 1800; x_wconf 87' lang='lat' dir='ltr'><strong>ergo</strong></span> <span class='ocrx_word' id='word_1_132' title='bbox 1290 1715 1535 1801; x_wconf 89' lang='lat' dir='ltr'><strong>ordine,</strong></span> <span class='ocrx_word' id='word_1_133' title='bbox 1582 1725 1925 1803; x_wconf 87' lang='lat' dir='ltr'><strong>postquam</strong></span> <span class='ocrx_word' id='word_1_134' title='bbox 1974 1739 2194 1782; x_wconf 89' lang='lat' dir='ltr'><strong>omnes</strong></span> <span class='ocrx_word' id='word_1_135' title='bbox 2239 1716 2545 1782; x_wconf 85' lang='lat' dir='ltr'><strong>Brittani-</strong></span> 
     </span>
     <span class='ocr_line' id='line_1_18' title="bbox 411 1803 2546 1892; baseline -0 -22"><span class='ocrx_word' id='word_1_136' title='bbox 411 1827 596 1870; x_wconf 86' lang='lat' dir='ltr'><strong>arum</strong></span> <span class='ocrx_word' id='word_1_137' title='bbox 658 1806 1029 1892; x_wconf 88' lang='lat' dir='ltr'><strong>prouinciae</strong></span> <span class='ocrx_word' id='word_1_138' title='bbox 1091 1805 1285 1871; x_wconf 90' lang='lat' dir='ltr'><strong>fidem</strong></span> <span class='ocrx_word' id='word_1_139' title='bbox 1333 1803 1576 1870; x_wconf 84' lang='lat' dir='ltr'><strong>Christi</strong></span> <span class='ocrx_word' id='word_1_140' title='bbox 1638 1815 2081 1892; x_wconf 86' lang='lat' dir='ltr'><strong>susceperant,</strong></span> <span class='ocrx_word' id='word_1_141' title='bbox 2147 1807 2427 1892; x_wconf 87' lang='lat' dir='ltr'><strong>suscepit</strong></span> <span class='ocrx_word' id='word_1_142' title='bbox 2482 1813 2546 1870; x_wconf 90' lang='lat' dir='ltr'><strong>et</strong></span> 
     </span>
     <span class='ocr_line' id='line_1_19' title="bbox 414 1894 2545 1980; baseline 0 -23"><span class='ocrx_word' id='word_1_143' title='bbox 414 1896 621 1958; x_wconf 87' lang='lat' dir='ltr'><strong>insula</strong></span> <span class='ocrx_word' id='word_1_144' title='bbox 665 1895 900 1975; x_wconf 86' lang='lat' dir='ltr'><strong>Vecta,</strong></span> <span class='ocrx_word' id='word_1_145' title='bbox 961 1895 1030 1959; x_wconf 91' lang='lat' dir='ltr'><strong>in</strong></span> <span class='ocrx_word' id='word_1_146' title='bbox 1076 1917 1204 1980; x_wconf 90' lang='lat' dir='ltr'><strong>qua</strong></span> <span class='ocrx_word' id='word_1_147' title='bbox 1246 1904 1468 1958; x_wconf 88' lang='lat' dir='ltr'><strong>tamen</strong></span> <span class='ocrx_word' id='word_1_148' title='bbox 1515 1894 1596 1959; x_wconf 91' lang='lat' dir='ltr'><strong>ob</strong></span> <span class='ocrx_word' id='word_1_149' title='bbox 1657 1915 1989 1960; x_wconf 88' lang='lat' dir='ltr'><strong>erumnam</strong></span> <span class='ocrx_word' id='word_1_150' title='bbox 2049 1904 2354 1961; x_wconf 87' lang='lat' dir='ltr'><strong>externae</strong></span> <span class='ocrx_word' id='word_1_151' title='bbox 2402 1897 2545 1958; x_wconf 88' lang='lat' dir='ltr'><strong>sub-</strong></span> 
     </span>
     <span class='ocr_line' id='line_1_20' title="bbox 412 1981 2542 2070; baseline 0 -24"><span class='ocrx_word' id='word_1_152' title='bbox 412 1982 701 2048; x_wconf 86' lang='lat' dir='ltr'><strong>iectionis</strong></span> <span class='ocrx_word' id='word_1_153' title='bbox 745 2005 932 2048; x_wconf 92' lang='lat' dir='ltr'><strong>nemo</strong></span> <span class='ocrx_word' id='word_1_154' title='bbox 980 1982 1253 2068; x_wconf 89' lang='lat' dir='ltr'><strong>gradum</strong></span> <span class='ocrx_word' id='word_1_155' title='bbox 1300 1983 1641 2047; x_wconf 90' lang='lat' dir='ltr'><strong>ministerii</strong></span> <span class='ocrx_word' id='word_1_156' title='bbox 1672 2005 1749 2047; x_wconf 89' lang='lat' dir='ltr'><strong>ac</strong></span> <span class='ocrx_word' id='word_1_157' title='bbox 1780 1981 1947 2048; x_wconf 91' lang='lat' dir='ltr'><strong>sedis</strong></span> <span class='ocrx_word' id='word_1_158' title='bbox 1980 1983 2362 2070; x_wconf 87' lang='lat' dir='ltr'><strong>episcopalis</strong></span> <span class='ocrx_word' id='word_1_159' title='bbox 2394 1993 2542 2048; x_wconf 89' lang='lat' dir='ltr'><strong>ante</strong></span> 
     </span>
     <span class='ocr_line' id='line_1_21' title="bbox 413 2068 2542 2160; baseline 0 -24"><span class='ocrx_word' id='word_1_160' title='bbox 413 2070 814 2156; x_wconf 91' lang='lat' dir='ltr'><strong>Danihelem,</strong></span> <span class='ocrx_word' id='word_1_161' title='bbox 864 2073 976 2158; x_wconf 92' lang='lat' dir='ltr'><strong>qui</strong></span> <span class='ocrx_word' id='word_1_162' title='bbox 1019 2094 1188 2136; x_wconf 92' lang='lat' dir='ltr'><strong>nunc</strong></span> <span class='ocrx_word' id='word_1_163' title='bbox 1229 2070 1741 2138; x_wconf 87' lang='lat' dir='ltr'><strong>Occidentalium</strong></span> <span class='ocrx_word' id='word_1_164' title='bbox 1777 2068 2111 2138; x_wconf 84' lang='lat' dir='ltr'><strong>Saxonum</strong></span> <span class='ocrx_word' id='word_1_165' title='bbox 2156 2082 2255 2138; x_wconf 90' lang='lat' dir='ltr'><strong>est</strong></span> <span class='ocrx_word' id='word_1_166' title='bbox 2301 2075 2542 2160; x_wconf 87' lang='lat' dir='ltr'><strong>episco-</strong></span> 
     </span>
     <span class='ocr_line' id='line_1_22' title="bbox 411 2162 871 2249; baseline -0.002 -23"><span class='ocrx_word' id='word_1_167' title='bbox 411 2184 552 2249; x_wconf 89' lang='lat' dir='ltr'><strong>pus,</strong></span> <span class='ocrx_word' id='word_1_168' title='bbox 600 2162 871 2248; x_wconf 88' lang='lat' dir='ltr'><strong>accepit.</strong></span> 
     </span>
    </p>

    <p class='ocr_par' dir='ltr' id='par_1_3' title="bbox 410 2248 2545 3115">
     <span class='ocr_line' id='line_1_23' title="bbox 587 2248 2539 2317; baseline -0.001 -1"><span class='ocrx_word' id='word_1_169' title='bbox 587 2248 730 2317; x_wconf 84' lang='lat' dir='ltr'><strong>Sita</strong></span> <span class='ocrx_word' id='word_1_170' title='bbox 777 2259 874 2315; x_wconf 91' lang='lat' dir='ltr'><strong>est</strong></span> <span class='ocrx_word' id='word_1_171' title='bbox 919 2258 1138 2313; x_wconf 86' lang='lat' dir='ltr'><strong>autem</strong></span> <span class='ocrx_word' id='word_1_172' title='bbox 1190 2250 1352 2314; x_wconf 89' lang='lat' dir='ltr'><strong>haec</strong></span> <span class='ocrx_word' id='word_1_173' title='bbox 1398 2250 1606 2315; x_wconf 88' lang='lat' dir='ltr'><strong>insula</strong></span> <span class='ocrx_word' id='word_1_174' title='bbox 1664 2259 1888 2315; x_wconf 89' lang='lat' dir='ltr'><strong>contra</strong></span> <span class='ocrx_word' id='word_1_175' title='bbox 1940 2252 2225 2317; x_wconf 88' lang='lat' dir='ltr'><strong>medium</strong></span> <span class='ocrx_word' id='word_1_176' title='bbox 2270 2251 2539 2316; x_wconf 89' lang='lat' dir='ltr'><strong>Austra-</strong></span> 
     </span>
     <span class='ocr_line' id='line_1_24' title="bbox 410 2336 2543 2428; baseline 0 -24"><span class='ocrx_word' id='word_1_177' title='bbox 410 2340 566 2404; x_wconf 89' lang='lat' dir='ltr'><strong>lium</strong></span> <span class='ocrx_word' id='word_1_178' title='bbox 611 2338 941 2407; x_wconf 81' lang='lat' dir='ltr'><strong>Saxonum</strong></span> <span class='ocrx_word' id='word_1_179' title='bbox 990 2349 1054 2402; x_wconf 89' lang='lat' dir='ltr'><strong>et</strong></span> <span class='ocrx_word' id='word_1_180' title='bbox 1101 2336 1553 2424; x_wconf 82' lang='lat' dir='ltr'><strong>Geuissorum,</strong></span> <span class='ocrx_word' id='word_1_181' title='bbox 1618 2340 1997 2426; x_wconf 85' lang='lat' dir='ltr'><strong>interposito</strong></span> <span class='ocrx_word' id='word_1_182' title='bbox 2052 2341 2286 2428; x_wconf 84' lang='lat' dir='ltr'><strong>pelago</strong></span> <span class='ocrx_word' id='word_1_183' title='bbox 2332 2341 2543 2405; x_wconf 88' lang='lat' dir='ltr'><strong>latitu-</strong></span> 
     </span>
     <span class='ocr_line' id='line_1_25' title="bbox 411 2426 2543 2516; baseline 0 -23"><span class='ocrx_word' id='word_1_184' title='bbox 411 2427 576 2493; x_wconf 88' lang='lat' dir='ltr'><strong>dinis</strong></span> <span class='ocrx_word' id='word_1_185' title='bbox 621 2429 817 2493; x_wconf 89' lang='lat' dir='ltr'><strong>trium</strong></span> <span class='ocrx_word' id='word_1_186' title='bbox 862 2427 1128 2512; x_wconf 91' lang='lat' dir='ltr'><strong>milium,</strong></span> <span class='ocrx_word' id='word_1_187' title='bbox 1178 2426 1349 2513; x_wconf 91' lang='lat' dir='ltr'><strong>quod</strong></span> <span class='ocrx_word' id='word_1_188' title='bbox 1394 2437 1663 2493; x_wconf 90' lang='lat' dir='ltr'><strong>uocatur</strong></span> <span class='ocrx_word' id='word_1_189' title='bbox 1704 2426 2035 2495; x_wconf 85' lang='lat' dir='ltr'><strong>Soluente:</strong></span> <span class='ocrx_word' id='word_1_190' title='bbox 2084 2431 2152 2494; x_wconf 89' lang='lat' dir='ltr'><strong>in</strong></span> <span class='ocrx_word' id='word_1_191' title='bbox 2197 2451 2322 2516; x_wconf 92' lang='lat' dir='ltr'><strong>quo</strong></span> <span class='ocrx_word' id='word_1_192' title='bbox 2368 2427 2543 2494; x_wconf 90' lang='lat' dir='ltr'><strong>uide·</strong></span> 
     </span>
     <span class='ocr_line' id='line_1_26' title="bbox 411 2514 2545 2603; baseline 0.001 -22"><span class='ocrx_word' id='word_1_193' title='bbox 411 2517 564 2582; x_wconf 88' lang='lat' dir='ltr'><strong>licet</strong></span> <span class='ocrx_word' id='word_1_194' title='bbox 616 2516 848 2603; x_wconf 85' lang='lat' dir='ltr'><strong>pelago</strong></span> <span class='ocrx_word' id='word_1_195' title='bbox 905 2515 1040 2580; x_wconf 93' lang='lat' dir='ltr'><strong>bini</strong></span> <span class='ocrx_word' id='word_1_196' title='bbox 1094 2525 1308 2581; x_wconf 90' lang='lat' dir='ltr'><strong>aestus</strong></span> <span class='ocrx_word' id='word_1_197' title='bbox 1355 2514 1629 2600; x_wconf 89' lang='lat' dir='ltr'><strong>Oceani,</strong></span> <span class='ocrx_word' id='word_1_198' title='bbox 1697 2519 1810 2603; x_wconf 86' lang='lat' dir='ltr'><strong>qni</strong></span> <span class='ocrx_word' id='word_1_199' title='bbox 1866 2519 2106 2581; x_wconf 89' lang='lat' dir='ltr'><strong>circum</strong></span> <span class='ocrx_word' id='word_1_200' title='bbox 2153 2518 2545 2583; x_wconf 86' lang='lat' dir='ltr'><strong>Brittaniam</strong></span> 
     </span>
     <span class='ocr_line' id='line_1_27' title="bbox 412 2603 2544 2693; baseline 0 -22"><span class='ocrx_word' id='word_1_201' title='bbox 412 2629 495 2671; x_wconf 89' lang='lat' dir='ltr'><strong>ex</strong></span> <span class='ocrx_word' id='word_1_202' title='bbox 538 2604 788 2671; x_wconf 89' lang='lat' dir='ltr'><strong>infinito</strong></span> <span class='ocrx_word' id='word_1_203' title='bbox 836 2603 1099 2670; x_wconf 88' lang='lat' dir='ltr'><strong>Oceano</strong></span> <span class='ocrx_word' id='word_1_204' title='bbox 1163 2606 1652 2691; x_wconf 90' lang='lat' dir='ltr'><strong>septentrionali</strong></span> <span class='ocrx_word' id='word_1_205' title='bbox 1713 2616 2087 2693; x_wconf 90' lang='lat' dir='ltr'><strong>erumpunt,</strong></span> <span class='ocrx_word' id='word_1_206' title='bbox 2148 2608 2408 2672; x_wconf 89' lang='lat' dir='ltr'><strong>sibimet</strong></span> <span class='ocrx_word' id='word_1_207' title='bbox 2453 2609 2544 2671; x_wconf 90' lang='lat' dir='ltr'><strong>in·</strong></span> 
     </span>
     <span class='ocr_line' id='line_1_28' title="bbox 411 2693 2545 2780; baseline 0 -22"><span class='ocrx_word' id='word_1_208' title='bbox 411 2697 621 2759; x_wconf 88' lang='lat' dir='ltr'><strong>uicem</strong></span> <span class='ocrx_word' id='word_1_209' title='bbox 680 2693 913 2760; x_wconf 90' lang='lat' dir='ltr'><strong>cotidie</strong></span> <span class='ocrx_word' id='word_1_210' title='bbox 973 2703 1481 2780; x_wconf 86' lang='lat' dir='ltr'><strong>compugnantes</strong></span> <span class='ocrx_word' id='word_1_211' title='bbox 1540 2705 1881 2760; x_wconf 90' lang='lat' dir='ltr'><strong>occurrunt</strong></span> <span class='ocrx_word' id='word_1_212' title='bbox 1934 2696 2105 2760; x_wconf 90' lang='lat' dir='ltr'><strong>ultra</strong></span> <span class='ocrx_word' id='word_1_213' title='bbox 2150 2698 2385 2761; x_wconf 89' lang='lat' dir='ltr'><strong>ostium</strong></span> <span class='ocrx_word' id='word_1_214' title='bbox 2433 2695 2545 2759; x_wconf 90' lang='lat' dir='ltr'><strong>flu-</strong></span> 
     </span>
     <span class='ocr_line' id='line_1_29' title="bbox 412 2781 2541 2871; baseline 0.001 -23"><span class='ocrx_word' id='word_1_215' title='bbox 412 2784 599 2848; x_wconf 87' lang='lat' dir='ltr'><strong>minis</strong></span> <span class='ocrx_word' id='word_1_216' title='bbox 630 2782 964 2865; x_wconf 90' lang='lat' dir='ltr'><strong>Homelea,</strong></span> <span class='ocrx_word' id='word_1_217' title='bbox 1013 2781 1184 2869; x_wconf 90' lang='lat' dir='ltr'><strong>quod</strong></span> <span class='ocrx_word' id='word_1_218' title='bbox 1229 2805 1349 2870; x_wconf 91' lang='lat' dir='ltr'><strong>per</strong></span> <span class='ocrx_word' id='word_1_219' title='bbox 1395 2792 1602 2848; x_wconf 88' lang='lat' dir='ltr'><strong>terras</strong></span> <span class='ocrx_word' id='word_1_220' title='bbox 1632 2783 1945 2867; x_wconf 88' lang='lat' dir='ltr'><strong>Iutorum,</strong></span> <span class='ocrx_word' id='word_1_221' title='bbox 1994 2806 2160 2871; x_wconf 85' lang='lat' dir='ltr'><strong>quae</strong></span> <span class='ocrx_word' id='word_1_222' title='bbox 2204 2783 2290 2849; x_wconf 90' lang='lat' dir='ltr'><strong>ad</strong></span> <span class='ocrx_word' id='word_1_223' title='bbox 2332 2787 2541 2871; x_wconf 89' lang='lat' dir='ltr'><strong>regio·</strong></span> 
     </span>
     <span class='ocr_line' id='line_1_30' title="bbox 411 2869 2541 2959; baseline 0.001 -23"><span class='ocrx_word' id='word_1_224' title='bbox 411 2893 562 2936; x_wconf 92' lang='lat' dir='ltr'><strong>nem</strong></span> <span class='ocrx_word' id='word_1_225' title='bbox 627 2869 1046 2937; x_wconf 83' lang='lat' dir='ltr'><strong>Geuissorum</strong></span> <span class='ocrx_word' id='word_1_226' title='bbox 1115 2875 1473 2958; x_wconf 88' lang='lat' dir='ltr'><strong>pertinent,</strong></span> <span class='ocrx_word' id='word_1_227' title='bbox 1551 2873 1913 2959; x_wconf 89' lang='lat' dir='ltr'><strong>praefatum</strong></span> <span class='ocrx_word' id='word_1_228' title='bbox 1979 2873 2247 2959; x_wconf 89' lang='lat' dir='ltr'><strong>pelagus</strong></span> <span class='ocrx_word' id='word_1_229' title='bbox 2315 2876 2541 2956; x_wconf 80' lang='lat' dir='ltr'><strong>intrat3</strong></span> 
     </span>
     <span class='ocr_line' id='line_1_31' title="bbox 412 2960 2543 3046; baseline 0.001 -22"><span class='ocrx_word' id='word_1_230' title='bbox 412 2960 720 3045; x_wconf 88' lang='lat' dir='ltr'><strong>finitoque</strong></span> <span class='ocrx_word' id='word_1_231' title='bbox 786 2961 1086 3026; x_wconf 88' lang='lat' dir='ltr'><strong>conflictu</strong></span> <span class='ocrx_word' id='word_1_232' title='bbox 1146 2961 1212 3027; x_wconf 92' lang='lat' dir='ltr'><strong>in</strong></span> <span class='ocrx_word' id='word_1_233' title='bbox 1279 2960 1615 3027; x_wconf 89' lang='lat' dir='ltr'><strong>Oceanum</strong></span> <span class='ocrx_word' id='word_1_234' title='bbox 1683 2961 1913 3045; x_wconf 88' lang='lat' dir='ltr'><strong>refusi,</strong></span> <span class='ocrx_word' id='word_1_235' title='bbox 1980 2962 2151 3027; x_wconf 91' lang='lat' dir='ltr'><strong>unde</strong></span> <span class='ocrx_word' id='word_1_236' title='bbox 2213 2974 2543 3046; x_wconf 89' lang='lat' dir='ltr'><strong>uenerant,</strong></span> 
     </span>
     <span class='ocr_line' id='line_1_32' title="bbox 410 3049 700 3115; baseline -0.003 -1"><span class='ocrx_word' id='word_1_237' title='bbox 410 3049 700 3115; x_wconf 90' lang='lat' dir='ltr'><strong>redeunt.</strong></span> 
     </span>
    </p>
   </div>
   <div class='ocr_carea' id='block_1_3' title="bbox 1345 3280 1632 3369">
    <p class='ocr_par' dir='ltr' id='par_1_4' title="bbox 1345 3280 1632 3369">
     <span class='ocr_line' id='line_1_33' title="bbox 1345 3280 1632 3369; baseline 0.017 -23"><span class='ocrx_word' id='word_1_238' title='bbox 1345 3284 1423 3347; x_wconf 89' lang='lat'><strong>17</strong></span> <span class='ocrx_word' id='word_1_239' title='bbox 1477 3280 1632 3369; x_wconf 82' lang='lat'>[15].</span> 
     </span>
    </p>
   </div>
   <div class='ocr_carea' id='block_1_4' title="bbox 462 3439 2497 3600">
    <p class='ocr_par' dir='ltr' id='par_1_5' title="bbox 462 3439 2497 3600">
     <span class='ocr_line' id='line_1_34' title="bbox 462 3439 2497 3510; baseline 0 -15"><span class='ocrx_word' id='word_1_240' title='bbox 462 3440 552 3495; x_wconf 84' lang='lat' dir='ltr'><strong>De</strong></span> <span class='ocrx_word' id='word_1_241' title='bbox 590 3441 819 3509; x_wconf 76' lang='lat' dir='ltr'><strong>synodo</strong></span> <span class='ocrx_word' id='word_1_242' title='bbox 859 3439 1030 3495; x_wconf 80' lang='lat' dir='ltr'><strong>facta</strong></span> <span class='ocrx_word' id='word_1_243' title='bbox 1066 3439 1132 3495; x_wconf 78' lang='lat' dir='ltr'><strong>ln</strong></span> <span class='ocrx_word' id='word_1_244' title='bbox 1171 3455 1382 3510; x_wconf 80' lang='lat' dir='ltr'><strong>campo</strong></span> <span class='ocrx_word' id='word_1_245' title='bbox 1421 3440 1818 3508; x_wconf 80' lang='lat' dir='ltr'><strong>Haethfelda‚</strong></span> <span class='ocrx_word' id='word_1_246' title='bbox 1857 3440 2254 3510; x_wconf 80' lang='lat' dir='ltr'><strong>praesidente</strong></span> <span class='ocrx_word' id='word_1_247' title='bbox 2293 3440 2497 3496; x_wconf 82' lang='lat' dir='ltr'><strong>archi-</strong></span> 
     </span>
     <span class='ocr_line' id='line_1_35' title="bbox 1147 3529 1821 3600; baseline 0 -15"><span class='ocrx_word' id='word_1_248' title='bbox 1147 3529 1437 3600; x_wconf 80' lang='lat' dir='ltr'><strong>episcopo</strong></span> <span class='ocrx_word' id='word_1_249' title='bbox 1478 3529 1821 3586; x_wconf 78' lang='lat' dir='ltr'><strong>Theodoro.</strong></span> 
     </span>
    </p>
   </div>
   <div class='ocr_carea' id='block_1_5' title="bbox 415 3670 2549 3940">
    <p class='ocr_par' dir='ltr' id='par_1_6' title="bbox 415 3670 2549 3940">
     <span class='ocr_line' id='line_1_36' title="bbox 591 3670 2549 3759; baseline 0.001 -24"><span class='ocrx_word' id='word_1_250' title='bbox 591 3670 715 3736; x_wconf 90' lang='lat' dir='ltr'><strong>His</strong></span> <span class='ocrx_word' id='word_1_251' title='bbox 773 3674 1171 3759; x_wconf 87' lang='lat' dir='ltr'><strong>temporibus</strong></span> <span class='ocrx_word' id='word_1_252' title='bbox 1231 3672 1496 3739; x_wconf 87' lang='lat' dir='ltr'><strong>audiens</strong></span> <span class='ocrx_word' id='word_1_253' title='bbox 1543 3674 1926 3739; x_wconf 89' lang='lat' dir='ltr'><strong>Theodorus</strong></span> <span class='ocrx_word' id='word_1_254' title='bbox 1984 3671 2177 3737; x_wconf 89' lang='lat' dir='ltr'><strong>fidem</strong></span> <span class='ocrx_word' id='word_1_255' title='bbox 2238 3673 2549 3739; x_wconf 88' lang='lat' dir='ltr'><strong>ecclesiae</strong></span> 
     </span>
     <span class='ocr_line' id='line_1_37' title="bbox 416 3756 2549 3849; baseline 0.002 -28"><span class='ocrx_word' id='word_1_256' title='bbox 416 3756 971 3849; x_wconf 85' lang='lat' dir='ltr'><strong>Constantinopoli</strong></span> <span class='ocrx_word' id='word_1_257' title='bbox 1046 3786 1162 3849; x_wconf 91' lang='lat' dir='ltr'><strong>per</strong></span> <span class='ocrx_word' id='word_1_258' title='bbox 1235 3763 1557 3828; x_wconf 90' lang='lat' dir='ltr'><strong>haeresim</strong></span> <span class='ocrx_word' id='word_1_259' title='bbox 1622 3762 2005 3849; x_wconf 88' lang='lat' dir='ltr'><strong>Eutychetis</strong></span> <span class='ocrx_word' id='word_1_260' title='bbox 2073 3761 2347 3827; x_wconf 91' lang='lat' dir='ltr'><strong>multum</strong></span> <span class='ocrx_word' id='word_1_261' title='bbox 2414 3784 2549 3827; x_wconf 87' lang='lat' dir='ltr'><strong>esse</strong></span> 
     </span>
     <span class='ocr_line' id='line_1_38' title="bbox 415 3846 2548 3940; baseline 0.002 -29"><span class='ocrx_word' id='word_1_262' title='bbox 415 3846 766 3933; x_wconf 84' lang='lat' dir='ltr'><strong>turbatam,</strong></span> <span class='ocrx_word' id='word_1_263' title='bbox 837 3862 903 3916; x_wconf 91' lang='lat' dir='ltr'><strong>et</strong></span> <span class='ocrx_word' id='word_1_264' title='bbox 963 3852 1264 3917; x_wconf 88' lang='lat' dir='ltr'><strong>ecclesias</strong></span> <span class='ocrx_word' id='word_1_265' title='bbox 1323 3851 1682 3939; x_wconf 88' lang='lat' dir='ltr'><strong>Anglorum</strong></span> <span class='ocrx_word' id='word_1_266' title='bbox 1695 3903 1715 3938; x_wconf 94' lang='lat'><strong>,</strong></span> <span class='ocrx_word' id='word_1_267' title='bbox 1781 3852 2013 3940; x_wconf 88' lang='lat' dir='ltr'><strong>quibus</strong></span> <span class='ocrx_word' id='word_1_268' title='bbox 2070 3860 2369 3939; x_wconf 86' lang='lat' dir='ltr'><strong>praeerat</strong></span> <span class='ocrx_word' id='word_1_269' title='bbox 2382 3906 2397 3933; x_wconf 35' lang='grc' dir='ltr'><strong>Ι.</strong></span> <span class='ocrx_word' id='word_1_270' title='bbox 2470 3852 2548 3916; x_wconf 92' lang='lat' dir='ltr'><strong>ab</strong></span> 
     </span>
    </p>
   </div>
  </div>
 </body>
</html>
