2723 4326
433 223 516 286 14
2438 221 2481 272 Ι.
2525 223 2581 276 7.

607 397 732 463 His
779 396 1012 463 auditis
1059 399 1252 463 iudex
1297 401 1495 463 nimio
1543 399 1760 463 furore
1810 408 2167 463 commotus
2201 398 2385 463 caedi
2432 421 2583 464 san-

427 497 601 552 ctum
637 487 741 552 dei
773 487 1208 553 confessorem
1254 511 1294 553 a
1337 488 1685 552 tortoribus
1733 489 2066 574 praecepit
2112 497 2452 552 autumans
2502 510 2578 553 se

427 575 827 661 uerberibus,
877 600 1067 663 quam
1118 577 1335 642 uerbis
1377 599 1507 642 non
1548 585 1822 663 poterat,
1872 577 2081 641 cordis
2115 579 2249 642 eius
2282 577 2576 642 emollire

429 669 880 735 constantiam.
981 664 1110 743 Qui
1171 689 1317 730 cum
1380 667 1715 730 tormentis
1776 664 2150 730 afficeretur
2215 669 2569 750 acerrimis,

427 757 748 841 patienter
792 755 952 820 haec
997 778 1114 841 pro
1148 754 1429 839 domin0,
1477 755 1674 819 immo
1722 753 2081 840 gaudenter
2127 755 2395 820 ferebat.
2475 754 2575 820 At

427 843 538 908 ubi
602 842 795 909 iudex
849 846 1188 909 tormentis
1241 843 1418 908 illum
1478 847 1767 930 superari
1824 844 1930 908 uel
1988 867 2028 908 a
2074 844 2249 909 cultu
2296 843 2570 910 Christi·

429 955 590 997 anae
634 934 970 1036 religionis
1015 934 1309 998 reuocari
1354 955 1485 996 non
1532 955 1720 1018 posse
1769 933 2107 1018 persensit,
2158 935 2368 1020 capite
2418 955 2569 998 eum

430 1023 628 1108 plecti
675 1023 875 1086 iussit.

615 1109 908 1197 Cumque
953 1110 1034 1175 ad
1079 1119 1356 1174 mortem
1404 1107 1775 1192 duceretur,
1825 1113 2124 1196 peruenit
2168 1108 2250 1174 ad
2300 1111 2563 1192 flumen,

429 1200 598 1285 quod
646 1222 828 1264 muro
877 1207 942 1263 et
986 1199 1254 1282 harena,
1315 1199 1426 1262 ubi
1490 1198 1815 1264 feriendus
1876 1208 2045 1282 erat,
2111 1208 2327 1264 meatu
2391 1201 2565 1285 rapi-

427 1289 688 1353 dissimo
745 1286 1181 1352 diuidebatur:
1247 1285 1538 1372 uiditque
1592 1287 1685 1352 ibi
1738 1309 1868 1352 non
1914 1311 2187 1375 paruam
2231 1286 2564 1353 hominum

427 1375 904 1441 multitudinem
977 1377 1312 1463 utriusque
1381 1398 1604 1460 sexus,
1672 1377 2065 1442 condicionis
2134 1376 2427 1442 diuersae
2500 1388 2566 1442 et

427 1467 677 1549 aetatis,
728 1488 892 1551 quae
939 1467 1074 1530 sine
1107 1463 1300 1530 dubio
1334 1465 1687 1531 diuinitatis
1729 1468 2034 1531 instinctu
2066 1465 2147 1530 ad
2180 1467 2561 1551 obsequium

424 1555 782 1619 beatissimi
830 1555 1210 1618 confessoris
1257 1577 1334 1618 ac
1382 1556 1686 1640 martyris
1732 1555 2086 1620 uocabatur
2135 1565 2199 1620 et
2230 1557 2321 1620 ita
2355 1555 2561 1619 flumi-

425 1645 526 1708 nis
572 1645 772 1730 ipsius
821 1644 1176 1730 occupabat
1221 1652 1510 1729 pontem,
1568 1654 1639 1708 ut
1684 1645 1853 1708 intra
1898 1666 2238 1732 uesperam
2284 1647 2564 1710 transire

427 1735 540 1797 uix
583 1741 819 1818 posset.
912 1732 1213 1818 Denique
1277 1734 1523 1796 cunctis
1583 1755 1751 1820 pene
1816 1737 2123 1818 egressiS,
2184 1734 2379 1798 iudex
2424 1735 2563 1799 sine

427 1821 732 1908 obsequio
779 1823 846 1885 in
893 1823 1156 1886 ciuitate
1202 1823 1597 1886 substiterat.
1690 1822 1904 1907 Igitur
1950 1833 2207 1887 sanctus
2248 1823 2561 1908 Albanus,

429 1913 530 1974 cui
577 1910 806 1974 ardens
851 1912 1058 1974 inerat
1089 1908 1344 1974 deuotio
1393 1912 1623 1975 mentis
1670 1911 1754 1976 ad
1798 1914 2181 1997 martyrium
2213 1914 2387 1976 ocius
2418 1934 2562 1997 per-

425 2001 664 2080 uenire,
708 2001 978 2064 accessit
1009 1998 1090 2064 ad
1121 2008 1475 2065 torrentem
1510 2009 1575 2064 et
1607 2000 1891 2084 dirigens
1924 1999 2005 2064 ad
2037 2000 2285 2066 caelum
2319 2000 2559 2085 oculos,

425 2088 594 2153 illico
645 2090 880 2153 siccato
927 2089 1147 2171 alue0,
1211 2087 1378 2152 uidit
1436 2089 1675 2153 undam
1740 2091 1869 2154 suis
1933 2091 2200 2154 cessisse
2262 2112 2338 2154 ac
2382 2091 2559 2154 uiam

427 2177 677 2243 dedisse
722 2180 1033 2263 uestigiis.
1114 2177 1304 2257 Quod
1346 2200 1491 2241 cum
1537 2181 1705 2243 inter
1745 2180 1900 2243 alios
1944 2181 2137 2245 etiam
2184 2180 2321 2265 ipse
2354 2182 2557 2244 carni-

424 2268 553 2351 fex,
603 2269 714 2354 qui
761 2290 907 2332 eum
953 2289 1373 2354 percussurus
1408 2276 1561 2350 erat,
1608 2267 1895 2351 uidisset,
1944 2269 2273 2333 festinauit
2319 2270 2397 2349 ei,
2446 2268 2559 2333 ubi

424 2356 508 2422 ad
565 2358 776 2421 locum
836 2357 1226 2421 destinatum
1284 2359 1479 2421 morti
1544 2367 1839 2441 uenerat,
1902 2379 2271 2422 occurrere:
2339 2356 2557 2422 diuino

421 2448 726 2510 nimirum
791 2444 1154 2509 admonitus
1219 2447 1556 2524 instinctu,
1628 2448 2041 2533 proiectoque
2107 2469 2289 2528 ense,
2362 2468 2557 2532 quem

424 2536 718 2598 strictum
764 2543 1087 2619 tenuerat,
1137 2535 1408 2620 pedibus
1456 2536 1593 2599 eius
1640 2535 2020 2617 aduoluitur,
2068 2536 2343 2599 multum
2390 2536 2554 2599 desi-

424 2624 676 2708 deranS,
722 2634 794 2688 ut
826 2646 970 2688 cum
1004 2634 1288 2710 martyre
1315 2624 1425 2687 uel
1463 2646 1580 2710 pro
1621 2634 1929 2707 martyre,
1978 2646 2171 2711 quem
2215 2636 2555 2710 percutere

424 2712 785 2796 iubebatur,
835 2715 974 2799 ipse
1020 2716 1232 2799 potius
1281 2721 1639 2777 mereretur
1684 2716 1952 2799 percuti.

600 2801 777 2865 Dum
841 2824 996 2886 ergo
1059 2804 1112 2865 is
1179 2824 1261 2867 ex
1325 2811 1737 2887 persecutore
1799 2802 2007 2867 factus
2073 2812 2241 2867 esset
2302 2802 2557 2887 collega

423 2892 716 2954 ueritatis
763 2898 827 2954 et
871 2890 1058 2974 fidei,
1123 2912 1200 2955 ac
1263 2892 1513 2956 iacente
1572 2891 1745 2955 ferro
1792 2900 1960 2956 esset
2006 2894 2174 2956 inter
2221 2891 2555 2956 carnifices

423 2980 591 3043 iusta
635 2981 984 3063 cunctati0,
1049 2989 1332 3044 montem
1382 3001 1527 3045 cum
1572 2980 1776 3044 turbis
1840 2983 2395 3045 reuerentissimus
2452 2978 2555 3045 dei

425 3068 750 3133 confessor
795 3066 1114 3133 ascendit:
1179 3070 1287 3154 qui
1335 3078 1648 3155 oportune
1692 3070 1932 3152 laetus,
1983 3072 2196 3154 gratia
2241 3070 2553 3135 decentis-

425 3162 604 3241 sima,
654 3160 1022 3243 quingentis
1070 3158 1206 3221 fere
1250 3158 1546 3243 passibus
1592 3157 1674 3224 ab
1720 3158 1963 3224 harena
2002 3161 2161 3223 situs
2193 3168 2308 3244 est,
2357 3161 2555 3223 uariis

422 3245 771 3333 herbarum
815 3245 1077 3311 floribus
1125 3246 1438 3332 depictus,
1487 3248 1682 3312 immo
1730 3270 1933 3334 usque
1966 3270 2217 3334 quaque
2247 3250 2551 3333 uestitus3

422 3336 490 3399 in
555 3357 681 3421 quo
746 3334 904 3399 nihil
967 3345 1232 3421 repente
1277 3334 1577 3418 arduum,
1641 3334 1799 3400 nihil
1843 3360 2186 3424 praeceps,
2234 3338 2394 3401 nihil
2440 3339 2552 3403 ab·

423 3433 708 3510 ruptum,
742 3446 935 3510 quem
964 3425 1271 3489 lateribus
1302 3426 1495 3509 longe
1527 3426 1782 3511 lateque
1815 3424 2159 3491 deductum
2194 3427 2260 3490 in
2291 3426 2552 3491 modum

425 3516 720 3600 aequoris
749 3522 981 3579 natura
1013 3514 1417 3600 complanat,
1440 3515 1706 3599 dignum
1750 3514 2053 3580 uidelicet
2085 3538 2251 3599 eum,
2299 3538 2416 3601 pro
2464 3518 2555 3579 in-

427 3603 551 3666 sita
596 3602 718 3667 sibi
765 3606 978 3689 specie
1023 3604 1413 3686 uenustatis‚
1475 3605 1601 3668 iam
1660 3602 1812 3667 olim
1857 3602 2159 3687 reddens,
2222 3608 2331 3689 qui
2379 3604 2553 3668 beati

425 3693 730 3775 martyris
777 3715 1003 3756 cruore
1035 3690 1376 3760 dicaretur.
1454 3691 1533 3755 In
1578 3692 1767 3756 huius
1800 3714 1956 3777 ergo
2001 3694 2247 3758 uertice
2294 3703 2552 3773 sanctus

427 3778 716 3844 Albanus
750 3780 888 3844 dari
919 3781 1042 3846 sibi
1073 3804 1113 3845 a
1143 3779 1262 3845 deo
1297 3803 1531 3867 aquam
1569 3782 1843 3866 rogauit,
1894 3784 2258 3867 statimque,
2306 3783 2551 3847 incluso

429 3877 672 3954 meatU,
735 3878 884 3934 ante
946 3869 1142 3955 pedes
1206 3871 1342 3934 eius
1407 3871 1549 3934 fons
1608 3871 1905 3956 perennis
1969 3881 2229 3935 exortus
2289 3880 2415 3953 est,
2483 3882 2553 3934 ut
