2723 4326
128 174 198 225 V.
247 176 469 229 19—20.
2142 178 2268 241 267

268 351 438 430 Quin
486 353 681 415 etiam
727 350 998 415 sublime
1048 352 1272 434 crucis,
1322 352 1615 416 radiante
1659 353 1939 435 metaUO,

266 440 396 505 Hic
442 442 654 526 posuit
699 439 1110 524 trophaeum,
1179 461 1298 504 nec
1343 462 1473 504 non
1522 449 1584 504 et
1631 449 1932 525 quattuor
1978 464 2134 505 auro

268 527 481 594 Scribi
530 530 841 613 euangelii
891 530 1225 614 praecepit
1269 530 1333 591 in
1383 529 1603 594 ordine
1649 529 1884 613 libros3

266 618 367 681 Ac
409 618 666 683 thecam
714 641 749 682 e
791 618 984 682 rutilo
1031 616 1129 681 his
1176 615 1562 703 condignam
1611 617 1894 683 condidit
1939 642 2126 683 auro:

260 705 595 772 Paschalis
645 708 752 793 qui
801 708 997 771 etiam
1044 706 1376 770 sollemnia
1421 716 1715 793 tempora
1761 730 1983 772 cursus

265 794 582 860 Catholici
628 796 711 859 ad
758 798 997 860 iustum
1043 796 1321 859 correxit
1369 796 1605 881 dogma
1651 798 1931 881 canonis,

264 883 479 962 Quem
525 895 807 951 statuere
851 894 1091 972 patres,
1140 883 1461 970 dubioque
1510 908 1723 950 errore
1772 896 2018 949 remoto

262 972 464 1039 Certa
510 996 662 1038 suae
706 976 886 1059 genti
933 972 1209 1037 ostendit
1255 972 1694 1039 moderamina
1739 976 1937 1038 ritus:

259 1062 471 1148 Inque
517 1062 673 1126 locis
719 1064 859 1127 istis
904 1062 1361 1127 monachorum
1410 1064 1710 1127 examina
1755 1064 1982 1128 crebra

262 1151 529 1236 Colligit
574 1174 652 1217 ac
699 1153 956 1216 monitis
1002 1154 1191 1234 cauit,
1240 1174 1405 1237 quae
1451 1154 1678 1237 regula
1725 1161 1980 1236 patrum

261 1239 541 1305 Sedulus
586 1242 888 1304 instituit:
936 1240 1281 1326 multisque
1328 1239 1628 1326 domique
1675 1241 1956 1326 forisque

254 1329 551 1394 Iactatus
598 1330 869 1394 nimium
915 1352 1033 1415 per
1077 1339 1372 1415 tempora
1417 1330 1612 1413 longa
1658 1330 1932 1416 pericliS,

260 1416 653 1497 Quindecies
699 1428 917 1483 ternos
964 1418 1301 1504 postquam
1350 1420 1486 1503 egit
1535 1421 1870 1505 episcopus
1917 1442 2136 1499 annos,

262 1507 555 1571 Transiit
601 1515 668 1571 et
712 1507 1001 1592 gaudens
1048 1508 1351 1572 caelestia
1396 1529 1602 1592 regna
1648 1510 1896 1594 petiuit.

256 1598 475 1681 Dona,
524 1595 691 1681 Iesu,
737 1606 810 1661 ut
855 1619 1018 1682 grex
1064 1598 1338 1682 pastoris
1386 1597 1545 1661 calle
1592 1606 1912 1682 sequatur.

1145 1831 1243 1892 20.

129 1986 205 2043 Vt
254 1985 567 2053 religioso
620 1986 833 2042 abbati
880 1986 1195 2041 Hadriano
1234 1985 1530 2052 Albinus,
1587 1984 1863 2041 vilfrido
1914 1985 1981 2040 in
2035 1986 2274 2055 episco-

783 2074 995 2144 patum
1032 2075 1193 2131 Acca
1228 2074 1630 2130 successerit.

309 2216 501 2282 Anno
556 2228 704 2304 post
759 2220 1003 2284 obitum
1060 2218 1338 2305 praefati
1396 2220 1599 2305 patris
1658 2220 1988 2305 proximO,
2050 2217 2113 2282 id
2177 2228 2274 2282 est

136 2309 360 2393 quinto
412 2306 646 2373 Osredi
692 2309 887 2392 regiS,
935 2309 1494 2373 reuerentissimus
1542 2318 1728 2394 pater
1750 2305 2118 2372 Hadrianus
2167 2308 2274 2372 ab·

137 2397 283 2481 bas,
336 2406 715 2483 cooperator
760 2399 827 2461 in
873 2396 1071 2461 uerbo
1120 2397 1224 2462 dei
1273 2395 1598 2461 Theodori
1645 2397 1878 2462 beatae
1925 2399 2274 2460 memoriae

139 2488 458 2572 episcopi,
522 2483 855 2550 defunctus
920 2496 1018 2551 est
1066 2495 1132 2550 et
1177 2487 1241 2549 in
1287 2488 1680 2550 monasterio
1729 2509 1842 2551 suo
1888 2487 1956 2548 in
2010 2486 2277 2550 ecclesia

137 2576 375 2640 beatae
423 2573 525 2638 dei
570 2576 919 2659 genetricis
968 2574 1287 2661 sepultus3
1338 2577 1448 2660 qui
1495 2584 1592 2639 est
1624 2598 1826 2640 annus
1859 2572 2271 2659 quadragesi-

137 2686 277 2727 mus
326 2665 607 2749 primus,
683 2685 765 2729 ex
811 2686 936 2752 quo
984 2687 1025 2728 a
1071 2662 1397 2729 Vitaliano
1445 2687 1612 2750 papa
1659 2664 1938 2728 directus
1985 2673 2082 2726 est
2129 2685 2274 2726 cum

142 2751 515 2834 Theodor03
577 2773 657 2816 ex
722 2775 847 2838 quo
910 2762 1129 2818 autem
1188 2751 1577 2817 Brittaniam
1641 2754 1844 2833 uenit,
1915 2752 2276 2815 tricesimus

140 2863 365 2906 nonne.
462 2837 659 2905 Cuius
706 2842 1036 2908 doctrinae
1084 2841 1272 2907 simul
1303 2851 1368 2906 et
1402 2840 1728 2906 Theodori
1750 2843 1916 2905 inter
1947 2840 2074 2904 alia
2098 2842 2276 2906 testi-

143 2933 429 2994 monium
459 2931 778 3015 perhibet,
828 2930 997 3017 quod
1027 2930 1302 2995 Albinus
1349 2930 1696 3016 discipulus
1763 2931 1918 3012 eius,
1991 2931 2100 3013 qui
2148 2953 2278 2994 mou

143 3019 425 3083 nasterio
486 3020 685 3104 ipsius
742 3022 809 3085 in
863 3022 1179 3105 regimine
1235 3020 1576 3100 successit,
1633 3021 1697 3082 in
1755 3027 2004 3083 tantum
2053 3017 2277 3081 studiis

147 3109 606 3194 scripturarum
654 3110 981 3173 institutus
1030 3119 1147 3192 est,
1195 3119 1268 3172 ut
1315 3106 1639 3172 Graecam
1687 3106 1942 3190 quidem
1988 3107 2275 3189 linguam

146 3217 270 3259 non
317 3219 524 3282 parua
569 3220 651 3261 ex
697 3208 901 3284 parte,
949 3198 1250 3262 Latinam
1299 3219 1455 3262 uero
1501 3203 1628 3261 non
1673 3199 1882 3260 minus
1930 3218 2120 3281 quam
2147 3195 2278 3259 An-

152 3285 423 3368 glorum,
472 3307 637 3370 quae
684 3287 806 3350 sibi
851 3287 1160 3352 naturalis
1207 3294 1325 3371 est,
1368 3287 1640 3354 nouerit.

325 3371 627 3462 Suscepit
673 3398 827 3439 uero
868 3399 985 3463 pro
1019 3375 1294 3440 Vilfrido
1328 3378 1768 3462 episcopatum
1800 3369 2282 3457 Hagustalden-

154 3461 235 3524 sis
283 3463 592 3528 ecclesiae
637 3462 817 3528 Acca
873 3465 1215 3551 presbyter
1262 3465 1432 3548 eius,
1483 3466 1580 3527 uir
1627 3473 1689 3526 et
1735 3464 1872 3548 ipse
1920 3460 2278 3525 strenuissi-

154 3571 291 3614 mus
341 3562 405 3616 et
453 3574 669 3616 coram
715 3553 835 3618 deo
885 3563 948 3618 et
978 3554 1343 3618 hominibus
1376 3550 1793 3638 magnificus3
1845 3553 1954 3636 qui
1985 3560 2049 3614 et
2080 3551 2298 3636 ipsius·

156 3640 465 3704 ecclesiae
510 3663 697 3727 suae,
764 3665 927 3727 quae
973 3644 1039 3707 in
1085 3643 1258 3707 beati
1303 3639 1607 3706 Andreae
1654 3641 1924 3726 apostoli
1970 3638 2279 3703 honorem

158 3737 527 3794 consecrata
587 3738 713 3813 est,
779 3729 1141 3796 aedificium
1187 3731 1540 3795 multifario
1599 3728 1828 3796 decore
1873 3751 1951 3792 ac
1995 3728 2283 3792 mirificis

159 3818 491 3902 ampliauit
537 3820 858 3905 operibus.
950 3819 1149 3885 Dedit
1195 3842 1472 3906 namque
1519 3841 1800 3907 operam,
1851 3819 2021 3904 quod
2067 3827 2131 3882 et
2173 3817 2284 3882 ho-
