2723 4326
319 985 1130 1082 GLORIOSISSIMO
1197 987 1458 1081 REGI
1524 986 2150 1082 GEOLVVLFO

388 1183 670 1242 BAEDA
708 1183 1085 1242 FAMVLVS
1124 1182 1439 1243 CHRISTI
1478 1183 1577 1242 ΕΤ
1616 1183 2089 1244 PRESBYTER.

349 1393 720 1464 Historiam
788 1397 1000 1480 gentis
1063 1394 1433 1481 Anglorum
1503 1396 1996 1462 ecclesiasticam
2014 1448 2033 1482 ,
2111 1419 2303 1484 quam

175 1516 378 1582 nuper
412 1493 766 1579 edideram,
816 1493 1239 1558 libentissime
1270 1494 1392 1558 tibi
1422 1491 1831 1579 desideranti,
1863 1517 1999 1579 rex,
2035 1503 2100 1560 et
2128 1497 2305 1581 prius

177 1583 252 1648 ad
298 1581 653 1669 legendum
700 1593 776 1648 ac
821 1581 1224 1669 probandum
1270 1584 1599 1647 transmisi
1644 1594 1711 1649 et
1754 1605 1923 1648 nunc
1976 1582 2057 1648 ad
2100 1593 2302 1649 trans-

177 1671 592 1737 scribendum
639 1695 714 1736 ac
759 1673 1010 1758 plenius
1059 1695 1142 1736 ex
1186 1682 1477 1758 tempore
1536 1671 1976 1737 meditandum
2028 1682 2300 1738 retrans-

179 1763 399 1846 mitto3
465 1763 750 1847 satisque
797 1761 1079 1826 studium
1124 1771 1274 1825 tuae
1320 1762 1705 1826 sinceritatis
1752 1763 2131 1848 amplector,
2181 1785 2305 1848 quo

175 1861 298 1914 non
367 1850 576 1915 solum
647 1849 1010 1915 audiendis·
1054 1852 1409 1937 scripturae
1474 1859 1735 1915 sanctae
1802 1851 2018 1916 uerbis
2084 1873 2305 1916 aurem

178 1939 436 2004 sedulus
507 1937 950 2004 accommodas
973 1988 988 2018 ‚
1059 1961 1281 2003 uerum
1347 1941 1544 2004 etiam
1610 1939 1948 2004 noscendis
2016 1945 2303 2026 priorum

178 2031 377 2112 gestis
459 2029 596 2093 siue
660 2027 844 2093 dictis
915 2038 978 2092 et
1046 2030 1328 2093 maxime
1404 2038 1663 2094 nostrae
1738 2031 1951 2112 gentis
2020 2031 2304 2094 uirorum

176 2117 522 2183 illustrium
564 2139 784 2183 curam
828 2118 1176 2202 uigilanter
1214 2117 1549 2205 impendis.
1630 2116 1784 2185 Siue
1830 2119 2001 2183 enim
2040 2118 2306 2186 historia

178 2206 252 2272 de
284 2209 476 2274 bonis
519 2208 692 2273 bona
734 2208 995 2292 referat,
1042 2208 1126 2272 ad
1169 2208 1555 2273 imitandum
1599 2207 1838 2273 bonum
1880 2207 2133 2273 auditor
2179 2210 2301 2275 sol-

176 2295 389 2361 licitus
419 2297 798 2382 instigatur3
848 2318 960 2361 seu
993 2296 1163 2361 mala
1194 2306 1655 2362 commemoret
1687 2296 1765 2361 de
1796 2298 2035 2383 prauis,
2075 2298 2301 2362 nihilo—

177 2388 390 2449 minus
453 2385 794 2469 religiosus
854 2408 930 2451 ac
993 2386 1136 2471 pius
1197 2386 1452 2450 auditor
1507 2388 1641 2450 siue
1685 2383 1891 2451 lector
1938 2383 2305 2471 deuitando,

179 2474 350 2560 quod
395 2476 659 2539 noxium
712 2483 811 2540 est
855 2496 934 2539 ac
977 2496 1385 2561 peruersum‚
1443 2478 1583 2561 ipse
1632 2476 1948 2540 sollertius
1996 2475 2076 2540 ad
2127 2498 2305 2541 exse-

178 2564 433 2649 quenda
479 2587 575 2647 ea,
627 2586 790 2649 quae
836 2565 1008 2629 bona
1053 2586 1130 2628 ac
1178 2563 1296 2629 deo
1345 2563 1543 2648 digna
1584 2586 1725 2629 esse
1759 2566 2153 2649 cognouerit,
2204 2587 2304 2631 ac-

179 2653 495 2721 cenditur.
588 2651 780 2731 Quod
835 2654 1048 2741 ipsum
1106 2662 1177 2717 tu
1233 2674 1487 2739 quoque
1542 2654 2037 2738 uigilantissime
2085 2652 2309 2742 depre-

177 2740 486 2825 hendenS,
533 2740 863 2807 historiam
911 2752 1334 2807 memoratam
1380 2746 1447 2806 in
1491 2744 1789 2807 notitiam
1836 2743 1954 2808 tibi
1995 2744 2310 2831 simulque

179 2833 299 2913 eis,
364 2831 596 2916 quibus
667 2840 732 2895 te
794 2830 1094 2916 regendis
1149 2829 1368 2896 diuina
1420 2832 1741 2916 'praefecit
1801 2834 2151 2897 auctoritas
2160 2884 2178 2917 ‚
2229 2834 2309 2898 ob
2357 2824 2373 2837 ’

179 2920 502 3005 generalis
549 2942 768 2984 curam
815 2920 1037 2985 salutis
1082 2921 1273 2984 latius
1320 2922 1643 3007 propalari
1692 2919 2035 2987 desideras.

359 3006 454 3073 Vt
497 3017 716 3073 autem
761 3010 828 3073 in
871 3008 971 3073 his
991 3060 1008 3094 ,
1059 3031 1222 3094 quae
1269 3010 1532 3095 scripsi,
1598 3010 1705 3075 uel
1760 3011 1880 3076 tibi
1924 3009 2033 3074 uel
2080 3012 2311 3075 ceteris

179 3096 577 3161 auditoribus
653 3099 789 3162 siue
858 3097 1205 3163 lectoribus
1278 3097 1465 3161 huius
1535 3098 1839 3164 historiae
1910 3102 2310 3165 occasionem

176 3186 517 3251 dubitandi
564 3185 958 3266 subtraham,
1008 3186 1240 3273 quibus
1285 3186 1447 3251 haec
1492 3190 1773 3253 maxime
1820 3188 2183 3253 auctoribus
2216 3186 2305 3252 di-

180 3274 448 3340 dicerim
465 3324 484 3358 ,
533 3276 822 3341 breuiter
866 3277 1168 3341 intimare
1216 3276 1475 3340 curabo,

360 3363 608 3429 Auctor
678 3374 825 3429 ante
893 3388 1114 3430 omnes
1182 3374 1379 3451 atque
1448 3364 1701 3429 adiutor
1766 3363 2056 3451 opusculi
2122 3363 2309 3428 huius

181 3451 460 3518 Albinus
508 3454 679 3519 abba
723 3455 1280 3519 reuerentissimus
1335 3454 1439 3517 uir
1483 3476 1601 3540 per
1648 3455 1861 3519 omnia
1906 3454 2309 3518 doctissimus

181 3544 432 3627 extitit3
484 3544 594 3629 qui
641 3545 706 3606 in
757 3544 1026 3607 ecclesia
1058 3541 1551 3607 Cantuariorum
1605 3565 1644 3607 a
1686 3542 1915 3607 beatae
1960 3544 2311 3608 memoriae

183 3630 525 3696 Theodoro
573 3631 1056 3719 archiepiscopo
1089 3641 1156 3696 et
1185 3630 1523 3696 Hadriano
1559 3631 1795 3697 abbate
1840 3633 1995 3696 uiris
2044 3654 2309 3697 uenera-

181 3718 420 3785 bilibus
483 3730 681 3808 atque
743 3720 1185 3786 eruditissimis
1247 3722 1611 3805 institutus,
1672 3718 2015 3805 diligenter
2076 3722 2307 3803 omnia,

185 3830 350 3894 quae
395 3811 460 3874 in
506 3813 648 3898 ipsa
695 3808 1186 3876 Cantuariorum
1234 3810 1569 3896 prouincia
1614 3810 1717 3874 uel
1764 3812 1957 3875 etiam
2004 3812 2069 3874 in
2110 3811 2303 3873 conti·

185 3899 332 3978 guis
377 3899 585 3964 eidem
630 3901 1004 3984 regionibus
1051 3922 1090 3964 a
1135 3897 1465 3986 discipulis
1523 3900 1700 3964 beati
1744 3922 1951 3986 papae
2000 3896 2307 3981 Gregorii

345 4004 520 4047 Baedae
546 4006 656 4047 hist.
688 4005 800 4047 eccl.
1229 4012 1396 4147 Ἃ
1958 4004 1985 4057 1
