2723 4326
176 257 275 309 ΠΙ.
311 254 539 311 22-23.
2190 257 2311 320 141

178 436 487 520 ciperent.
583 429 943 496 Contemsit
988 441 1207 496 autem
1254 455 1371 496 rex
1421 442 1866 519 praeceptum,
1928 444 1993 497 et
2051 442 2315 519 rogatus

178 546 217 587 a
284 524 523 587 comite
602 522 869 584 intrauit
933 522 1305 607 epulaturus
1376 520 1639 585 domum
1703 523 1857 587 eius.
1977 521 2106 599 Qui
2169 544 2318 587 cum

176 612 449 692 abisset,
506 608 794 674 obuiauit
841 612 902 674 ei
946 613 1233 676 antistes.
1326 608 1420 675 At
1465 632 1581 674 rex
1625 613 1880 675 intuens
1926 632 2102 695 eum,
2163 633 2316 676 mox

176 700 591 765 tremefactus
660 698 919 763 desiluit
1005 722 1169 785 equo
1260 697 1618 785 ceciditque
1681 710 1830 765 ante
1898 698 2093 784 pedes
2159 702 2316 783 eius,

178 790 437 855 ueniam
482 796 701 852 reatus
760 787 1112 874 postulans.
1205 788 1380 853 Nam
1425 798 1492 853 et
1537 790 1874 875 episcopus
1920 790 2165 875 pariter
2210 787 2316 853 de-

176 878 377 944 siluit:
430 875 688 941 sederat
734 880 903 943 enim
952 886 1019 943 et
1064 879 1205 963 ipse
1238 879 1303 941 in
1334 899 1517 962 equo.
1582 876 1796 942 Iratus
1842 890 2059 943 autem
2103 880 2319 964 tetigit

176 990 403 1053 regem
452 967 771 1031 iacentem
818 968 1025 1051 uirga,
1074 988 1269 1052 quam
1300 966 1564 1031 tenebat
1595 987 1808 1051 manu,
1859 976 1922 1031 et
1968 966 2318 1053 pontificali

178 1060 563 1121 auctoritate
610 1064 1031 1141 protestatus:
1082 1054 1269 1119 ‘Dico
1303 1056 1465 1137 tibi,'
1513 1057 1720 1141 inquit
1767 1057 1939 1141 ‘quia‘
1961 1056 2220 1121 noluisti
2251 1066 2319 1122 te

180 1146 512 1211 continere
559 1167 599 1209 a
645 1143 839 1208 domu
899 1142 1134 1231 perditi
1194 1154 1260 1209 et
1320 1144 1608 1210 damnati
1665 1145 1864 1228 illius,
1927 1154 2000 1209 tu
2055 1147 2119 1210 in
2179 1147 2320 1232 ipsa

178 1233 375 1299 domu
419 1234 587 1297 mori
630 1232 871 1298 habes'.
972 1230 1105 1298 Sed
1152 1233 1545 1298 credendum
1590 1243 1705 1317 est,
1756 1235 1906 1320 quia
1950 1233 2096 1297 talis
2144 1258 2317 1299 mors

176 1325 305 1387 uiri
352 1316 671 1425 religiosi
686 1344 813 1386 non
862 1321 1067 1386 solum
1111 1324 1305 1387 talem
1354 1324 1607 1409 culpam
1652 1321 1929 1404 diluerit,
1980 1322 2093 1388 sed
2125 1324 2322 1388 etiam

178 1414 483 1477 meritum
532 1412 667 1475 eius
712 1412 995 1476 auxerit:
1056 1412 1208 1497 quia
1251 1413 1555 1476 nimirum
1603 1412 1684 1476 ob
1732 1434 1991 1476 causam
2037 1414 2316 1516 pietatis,

174 1504 335 1588 quia
379 1508 645 1587 propter
692 1500 1170 1564 obseruantiam
1225 1499 1677 1565 mandatorum
1725 1500 1968 1565 Christi
2027 1502 2317 1586 contigit.

360 1588 687 1655 Successit
738 1599 957 1654 autem
988 1588 1333 1673 Sigbercto
1367 1592 1434 1655 in
1465 1612 1739 1676 regnum
1773 1588 2106 1656 Suidhelm
2154 1591 2318 1655 filius

180 1678 525 1759 Sexbaldi,
580 1680 690 1765 qui
733 1678 1100 1763 baptizatus
1148 1688 1246 1743 est
1292 1681 1376 1743 ab
1421 1678 1562 1765 ipso
1610 1677 1831 1745 Cedde
1878 1680 1945 1743 in
1989 1680 2322 1766 prouincia

182 1767 619 1835 Orientalium
661 1766 1051 1851 Anglorum,
1092 1768 1159 1831 in
1203 1768 1349 1831 uico
1392 1770 1601 1852 regio,
1663 1770 1775 1852 qui
1831 1766 2062 1832 dicitur
2107 1768 2318 1833 Reud-

181 1857 495 1941 laesham,
546 1857 614 1921 id
658 1866 757 1921 est
802 1859 1049 1921 mansio
1096 1855 1384 1939 Rendili3
1447 1859 1859 1943 suscepitque
1906 1878 2054 1920 eum
2101 1880 2322 1922 ascen-

182 1946 445 2011 dentem
478 1947 557 2011 de
586 1946 765 2011 fonte
798 1955 1019 2010 sancto
1052 1943 1397 2011 Aediluald
1442 1967 1560 2011 rex
1604 1946 1804 2031 ipsius
1852 1948 2064 2029 gentis
2091 1945 2319 2011 Orien-

187 2037 415 2101 talium
458 2035 845 2119 Anglorum,
895 2034 1097 2099 frater
1141 2033 1333 2100 Anna
1378 2038 1554 2119 regis
1603 2033 1970 2101 eorundem.

1207 2269 1311 2331 23.

188 2425 267 2481 Vt
320 2424 485 2479 idem
530 2424 861 2493 episcopus
911 2423 1073 2480 Geclcl
1117 2424 1321 2479 locum
1377 2424 1744 2479 monasterii
1799 2423 2202 2479 construendi
2255 2425 2330 2478 ab

242 2513 600 2570 oidilualdo
640 2529 789 2581 rege
830 2513 1145 2583 accipiens
1187 2514 1578 2569 orationibus
1615 2529 1687 2569 ac
1725 2511 1984 2569 ieiuniis
2023 2513 2266 2568 domino

658 2603 1159 2672 consecrauerit3
1200 2604 1265 2658 et
1302 2604 1378 2658 «le
1417 2603 1594 2660 obitu
1631 2602 1856 2672 ipsius.

368 2744 634 2813 Solebat
665 2757 884 2813 autem
912 2746 1083 2814 idem
1118 2749 1219 2812 uir
1266 2746 1528 2832 domini,
1577 2771 1724 2813 cum
1767 2747 1940 2834 apud
1967 2745 2328 2812 Orientales

191 2835 483 2902 Saxones
560 2837 968 2924 episcopatus
1045 2837 1257 2902 officio
1322 2839 1732 2922 fungeretur,
1811 2837 2066 2923 saepius
2131 2837 2325 2902 etiam

188 2949 403 3008 suam,
459 2924 527 2990 id
572 2936 671 2990 est
716 2924 1440 3014 Nordanhymbrorum,
1499 2927 1900 3013 prouinciam
1948 2923 2330 2991 exhortandi

190 3017 409 3100 gratia
435 3017 762 3082 reuisere:
814 3037 1005 3102 quem
1052 3038 1199 3081 cum
1246 2977 1575 3081 Oidiliiald
1619 3015 1788 3081 filius
1813 3012 2085 3080 Osualdi
2129 3016 2326 3100 regis,

191 3106 303 3190 qui
333 3105 401 3168 in
432 3103 756 3169 Derorum
786 3105 1079 3191 partibus
1123 3126 1402 3189 regnum
1443 3102 1743 3188 habebat,
1791 3105 2005 3168 uirum
2035 3113 2328 3169 sanctum

192 3203 257 3258 et
304 3193 662 3279 sapientem
708 3193 1111 3280 probumque
1157 3195 1442 3258 moribus
1489 3192 1756 3276 uideret,
1805 3189 2328 3278 postulauit[que]

192 3304 341 3348 eum
386 3285 858 3388 possessionem
903 3292 1119 3348 terrae
1172 3283 1458 3368 aliquam
1501 3306 1540 3346 a
1585 3304 1656 3347 se
1701 3279 1781 3346 ad
1829 3280 2328 3345 construendum

192 3373 651 3436 monasterium
700 3375 1011 3458 accipere,
1058 3374 1124 3436 in
1171 3393 1295 3458 quo
1343 3375 1482 3458 ipse
1526 3393 1647 3436 rex
1692 3379 1759 3436 et
1802 3369 2202 3456 frequentius
2247 3367 2329 3434 ad

190 3459 667 3546 deprecandum
726 3459 1056 3526 dominum
1116 3462 1516 3547 uerbumque
1573 3457 1962 3525 audiendum
2025 3457 2328 3524 aduenire

194 3557 258 3614 et
303 3548 641 3614 defunctus
690 3550 951 3636 sepeliri
997 3549 1279 3616 deberet
1344 3549 1517 3614 Nam
1567 3559 1632 3614 et
1680 3571 1748 3613 se
1793 3550 2006 3634 ipsum
2050 3546 2328 3614 fideliter

196 3638 466 3704 credidit
510 3639 783 3704 multum
828 3641 1039 3704 iuuari
1085 3661 1307 3704 eorum
1353 3638 1746 3703 orationibus
1793 3636 2161 3721 cotidianis,
2219 3639 2329 3723 qui

194 3727 299 3790 illo
348 3730 414 3792 in
444 3726 585 3792 loco
634 3726 890 3793 domino
940 3729 1274 3793 seruirent.
1341 3727 1683 3792 Habuerat
1729 3736 1947 3791 autem
1992 3727 2166 3791 idem
2211 3749 2327 3792 rex

196 3839 409 3880 secum
457 3816 727 3881 fratrem
774 3839 1153 3902 germanum
1185 3817 1471 3882 eiusdem
1496 3818 1788 3922 episcopi
1817 3815 2135 3881 uocabulo
2169 3815 2328 3881 an-

197 3904 300 3991 lin,
348 3907 564 3970 uirum
608 3928 815 3994 aeque
860 3905 981 3972 deo
1029 3904 1353 3989 deuotum,
1405 3909 1516 3993 qui
1545 3907 1668 3994 ipsi
1700 3929 1778 3970 ac
1807 3905 2141 3970 familiae
2125 3907 2327 3991 1psius
