2723 4326
168 191 237 243 V.
282 192 365 245 15.
2176 204 2306 267 255

358 368 487 450 Qui
536 394 681 436 cum
728 369 986 436 domum
1037 371 1368 457 rediisset,
1437 376 1686 438 curauit
1732 398 1878 440 suos
1900 426 1919 461 ,
1969 378 2079 463 qui
2126 389 2307 443 erant

170 463 240 525 in
289 459 425 544 Hii,
475 461 665 546 quiue
713 459 921 525 eidem
981 470 1163 526 erant
1222 460 1462 527 subditi
1525 466 1934 549 monasterio,
1999 465 2084 531 ad
2139 489 2307 549 eum,

170 572 370 637 quem
418 559 827 635 cognouerat,
879 572 1200 637 quemque
1240 552 1380 638 ipse
1410 560 1546 616 toto
1581 574 1663 617 ex
1693 552 1884 618 corde
1917 566 2307 641 susceperat,

170 639 469 704 ueritatis
516 638 744 705 callem
790 638 1166 727 perducere,
1213 662 1334 710 nec
1379 638 1599 705 ualuit.
1692 639 2048 729 Nauigauit
2070 642 2308 709 Hiber·

165 728 349 793 niam
398 736 462 793 et
506 726 886 816 praedicans
934 730 1025 794 eis
1071 751 1147 793 ac
1178 727 1470 794 modesta
1501 730 1943 797 exhortatione
1975 733 2310 800 declarans

165 817 539 903 legitimum
628 817 907 904 paschae
978 827 1263 904 tempus,
1348 819 1659 905 plurimos
1723 842 1946 886 eorum
2009 832 2073 886 et
2140 844 2305 909 pene

170 928 418 990 omnes,
467 908 577 992 qui
622 907 705 971 ab
749 903 1092 971 Hiensium
1142 906 1422 972 dominio
1473 918 1656 971 erant
1702 909 1910 990 liberi,
1959 911 2042 976 ab
2093 933 2310 977 errore

168 996 348 1059 auito
396 1006 717 1060 correctos
764 995 845 1059 ad
891 998 1203 1061 unitatem
1248 995 1507 1061 reduxit
1551 997 1928 1063 catholicam
1977 1022 2052 1063 ac
2095 1001 2309 1081 legiti-

167 1106 352 1147 mum
400 1085 677 1170 paschae
723 1092 979 1171 tempus
1028 1086 1374 1151 obseruare
1418 1086 1773 1172 perdocuit.
1836 1085 1966 1166 Qui
2015 1111 2162 1154 cum
2209 1112 2306 1154 ce-

167 1173 426 1237 lebrato
480 1175 547 1238 in
605 1172 922 1237 Hibernia
990 1176 1296 1240 canonico
1353 1174 1592 1261 pascha
1650 1175 1733 1240 ad
1792 1199 1974 1240 suam
2034 1180 2309 1243 insulam

168 1263 581 1346 reuertisset,
641 1284 886 1349 suoque
945 1266 1334 1328 monasterio
1397 1264 1777 1329 catholicam
1837 1268 2144 1353 temporis
2199 1290 2308 1353 pa·

171 1349 410 1416 schalis
456 1349 928 1416 obseruantiam
974 1354 1430 1418 instantissime
1475 1353 1877 1439 praedicaret
1921 1377 2043 1420 nec
2088 1364 2306 1420 tamen

170 1437 507 1529 perficere,
557 1440 727 1526 quod
772 1440 1157 1524 conabatur,
1205 1450 1442 1527 posset,
1493 1443 1765 1527 contigit
1812 1466 1959 1508 eum
2003 1454 2152 1510 ante
2201 1468 2307 1509 ex-

170 1528 424 1616 pletum
470 1530 620 1593 anni
666 1530 975 1614 circulum
1006 1532 1317 1616 migrasse
1350 1528 1430 1596 de
1461 1532 1734 1598 saeculo,
1812 1533 2056 1599 Diuina
2087 1534 2308 1620 utique

172 1620 396 1703 gratia
442 1616 839 1706 disponente,
888 1628 961 1683 ut
1007 1622 1107 1685 uir
1152 1620 1419 1684 unitatis
1464 1642 1540 1683 ac
1585 1623 1763 1706 pacis
1810 1622 2308 1687 studiosissimus

171 1714 333 1771 ante
378 1706 462 1771 ad
506 1709 707 1771 uitam
753 1717 1091 1794 raperetur
1136 1716 1495 1790 aeternam,
1559 1730 1750 1794 quam
1795 1710 2106 1775 redeunte
2147 1722 2308 1775 tem·

176 1818 341 1881 pore
386 1796 672 1882 paschali
717 1798 1081 1881 grauiorem
1130 1819 1277 1861 cum
1324 1799 1436 1880 eis,
1485 1802 1594 1883 qui
1641 1821 1789 1863 eum
1835 1797 1918 1863 ad
1968 1802 2308 1865 ueritatem

179 1886 367 1971 sequi
411 1884 735 1970 nolebant,
785 1895 1127 1972 cogeretur
1171 1885 1408 1950 habere
1455 1885 1860 1952 discordiam.

365 1970 638 2061 Scripsit
695 1973 868 2039 idem
915 1977 1015 2039 uir
1060 1973 1139 2039 de
1184 1976 1339 2041 locis
1387 1977 1624 2039 sanctis
1669 1976 1907 2041 librum
1948 1978 2312 2060 legentibus

177 2063 403 2127 multis
447 2064 821 2148 utillimum3
871 2066 1049 2128 cuius
1095 2072 1317 2129 auctor
1364 2072 1502 2130 erat
1548 2062 1834 2130 docendo
1887 2086 1963 2129 ac
2011 2064 2310 2131 dictando

179 2148 549 2217 Galliarum
596 2154 932 2240 episcopus
979 2152 1357 2239 Arcuulfus,
1425 2154 1536 2240 qui
1579 2152 1865 2219 locorum
1911 2156 2124 2240 gratia
2171 2179 2313 2220 san-

178 2252 437 2306 ctorum
481 2251 747 2307 uenerat
791 2241 1311 2327 Hierosolymam
1358 2252 1423 2308 et
1454 2245 1726 2308 lustrata
1771 2246 1944 2308 omni
1989 2254 2162 2309 terra
2208 2268 2310 2310 re-

177 2331 627 2418 promissionis
672 2331 1067 2398 Damascum
1114 2354 1387 2419 quoque,
1459 2332 2097 2420 Constantinopolim,
2162 2333 2312 2399 Ale-

178 2419 545 2503 xandriam,
594 2421 827 2487 multas
876 2423 1070 2486 maris
1116 2422 1354 2486 insulas
1397 2421 1682 2506 adierat3
1754 2423 2160 2509 patriamque
2205 2446 2313 2487 na·

180 2510 365 2594 uigio
412 2519 743 2575 reuertens
792 2511 859 2574 ui
903 2512 1305 2596 tempestatis
1364 2511 1429 2573 in
1491 2509 1912 2577 occidentalia
1954 2511 2314 2576 Brittaniae

179 2597 405 2662 littora
450 2597 697 2663 delatus
746 2608 884 2663 est:
932 2622 1010 2664 ac
1053 2609 1199 2686 post
1244 2599 1450 2664 multa
1495 2597 1576 2663 ad
1623 2609 2052 2665 memoratum
2074 2597 2314 2665 Christi

180 2686 499 2752 famulum
544 2686 993 2752 Adamnanum
1041 2691 1446 2774 peruenienS,
1493 2689 1603 2754 ubi
1633 2688 1856 2753 doctus
1886 2691 1951 2753 in
1983 2691 2314 2775 scripturis

182 2783 681 2863 sanctorumque
729 2778 1017 2841 locorum
1065 2799 1303 2862 gnarus
1352 2799 1491 2842 esse
1537 2786 1902 2863 compertus
1949 2786 2066 2860 est,
2114 2778 2312 2843 liben—

178 2865 432 2930 tissime
478 2874 574 2930 est
618 2865 702 2930 ab
748 2866 855 2930 illo
903 2879 1269 2953 susceptus,
1315 2865 1618 2930 libentius
1665 2864 1944 2949 auditus3
2014 2864 2174 2932 adeo
2221 2877 2311 2949 ut,

181 2974 481 3040 quaeque
526 2953 634 3019 ille
696 2977 764 3019 se
826 2955 893 3020 in
952 2955 1110 3019 locis
1171 2957 1410 3020 sanctis
1458 2964 1817 3020 memoratu
1849 2954 2045 3040 digna
2076 2954 2314 3020 uidisse

180 3042 578 3127 testabatur,
651 3053 881 3108 cuncta
934 3065 1085 3108 mox
1143 3045 1265 3108 iste
1326 3043 1557 3108 litteris
1616 3042 1920 3108 mandare
1969 3046 2310 3111 curauerit.

180 3130 499 3217 Fecitque
547 3153 737 3218 opus,
795 3142 866 3196 ut
910 3132 1076 3216 dixi,
1145 3133 1420 3197 multum
1465 3131 1655 3216 utile,
1718 3141 1782 3198 et
1841 3135 2119 3197 maxime
2166 3133 2312 3214 illis,

184 3222 296 3307 qui
342 3220 599 3305 longius
644 3221 727 3285 ab
776 3223 867 3286 eis
912 3221 1088 3306 locis,
1137 3224 1204 3286 in
1236 3221 1466 3308 quibus
1506 3218 1911 3308 patriarchae
1943 3231 2008 3286 et
2038 3221 2314 3305 apostoli

183 3318 392 3391 erant,
441 3311 692 3394 secreti,
743 3331 820 3374 ea
864 3319 1117 3374 tantum
1164 3311 1244 3374 de
1292 3311 1410 3394 his,
1460 3331 1626 3396 quae
1656 3308 1928 3374 lectione
1954 3309 2312 3390 didicerint,

181 3406 440 3464 norunt.
533 3399 834 3463 Porrexit
877 3408 1094 3463 autem
1138 3398 1375 3464 librum
1418 3397 1586 3463 hunc
1630 3396 1972 3464 Adamnan
2018 3395 2314 3462 Aldfrido

177 3489 328 3572 regi
370 3509 450 3552 ac
494 3509 614 3573 per
646 3489 781 3552 eius
813 3497 910 3552 est
939 3487 1347 3574 largitionem
1381 3489 1572 3552 etiam
1604 3486 1956 3552 minoribus
1987 3485 2065 3550 ad
2097 3488 2316 3572 legen·

180 3578 339 3643 dum
386 3575 799 3641 contraditus.
894 3577 1180 3664 Scriptor
1226 3599 1482 3662 quoque
1527 3577 1668 3662 ipse
1713 3575 1930 3640 multis
1961 3576 2045 3640 ab
2070 3597 2146 3640 eo
2178 3597 2315 3639 mu-

176 3667 445 3732 neribus
493 3664 764 3730 donatus
808 3667 1086 3752 patriam
1129 3666 1432 3730 remissus
1480 3675 1594 3729 est.
1687 3663 1792 3729 De
1838 3666 2015 3728 cuius
2060 3665 2318 3752 scriptis

180 3756 401 3842 aliqua
433 3752 780 3840 decerpere
810 3776 887 3819 ac
916 3764 1173 3820 nostrae
1204 3754 1352 3818 huic
1382 3753 1689 3820 historiae
1729 3754 2010 3819 inserere
2042 3776 2319 3818 commo·

180 3846 336 3910 dum
382 3843 523 3908 fore
567 3843 933 3927 legentibus
977 3865 1143 3910 reor.
