2723 4326
793 1309 1068 1379 LIBER
1113 1307 1609 1379 SECVNDVS.

1176 1510 1233 1572 1.

651 1669 740 1723 De
778 1665 955 1722 obitu
991 1665 1162 1722 beati
1199 1679 1397 1736 papae
1435 1663 1753 1733 Gregorii.

313 1811 440 1876 His
485 1811 898 1899 temporibus,
946 1811 1016 1876 id
1047 1820 1148 1876 est
1193 1833 1360 1876 anno
1408 1809 1769 1876 dominicae
1814 1811 2279 1877 incarnationis

121 1902 607 1968 sexcentesimo
662 1902 913 1986 quinto,
981 1901 1210 1965 beatus
1255 1923 1427 1987 papa
1473 1897 1865 1984 Gregoriu8‚
1933 1910 2275 1987 postquam

123 1990 354 2057 sedem
417 1990 748 2054 Romanae
824 1999 890 2055 et
965 1991 1359 2076 apostolicae
1431 1988 1744 2054 ecclesiae
1810 1987 1991 2054 XIII
2056 2011 2277 2073 annos,

121 2101 392 2145 menses
440 2077 538 2143 VI
584 2089 649 2144 et
694 2077 832 2144 dies
879 2079 948 2144 X
994 2079 1459 2163 gloriosissime
1513 2079 1713 2161 rexit,
1785 2077 2125 2143 defunctus
2180 2088 2280 2144 est

125 2180 334 2256 atque
381 2168 464 2234 ad
509 2178 842 2235 aeternam
885 2170 1072 2255 regni
1118 2169 1415 2233 caelestis
1462 2168 1680 2233 sedem
1725 2169 2096 2234 translatus,
2174 2168 2279 2233 De

129 2282 268 2347 quo
298 2260 776 2342 nos·conuenit,
826 2260 978 2345 quia
998 2267 1308 2339 nostram,
1357 2255 1424 2321 id
1456 2266 1555 2322 est
1585 2256 1967 2343 Anglorum,
2018 2266 2279 2344 gentem

129 2349 217 2413 de
262 2355 584 2434 potestate
631 2346 914 2414 Satanae
960 2346 1042 2413 ad
1085 2346 1284 2413 fidem
1317 2346 1561 2413 Christi
1607 2370 1724 2412 sua
1767 2345 2081 2412 industria
2128 2369 2277 2412 con-

114 2436 365 2520 'uertit,
435 2438 731 2503 latiorem
789 2438 857 2501 in
914 2446 1139 2501 nostra
1199 2436 1518 2501 Historia·
1560 2435 1997 2502 ecclesiastica
2066 2436 2281 2501 facere

133 2549 532 2613 sermonem,
601 2548 794 2613 quem
857 2535 1033 2591 recte
1091 2536 1384 2591 nostrum
1442 2526 1772 2612 appellare
1830 2547 2169 2611 possumus
2216 2534 2283 2591 et

134 2616 452 2681 debemus
511 2616 892 2702 apostolum.
984 2614 1182 2699 Quia,
1252 2637 1400 2680 cum
1460 2617 1739 2702 primum
1800 2616 1867 2679 in
1926 2624 2062 2680 toto
2124 2616 2281 2680 orbe

133 2704 590 2793 pontificatum
646 2713 929 2791 gereret,
987 2714 1053 2769 et
1109 2706 1435 2769 conuersis
1481 2706 1613 2769 iam
1661 2702 1902 2770 dudum
1959 2704 2043 2769 ad
2088 2702 2281 2769 fidem

134 2796 433 2860 ueritatis
479 2802 646 2858 esset
691 2794 1020 2880 praelatus
1053 2792 1359 2877 ecclesiis,
1408 2802 1695 2857 nostram
1729 2803 1989 2878 gentem
2022 2802 2285 2859 eatenus

135 2882 328 2949 idolis
374 2886 808 2970 mancipatam
854 2881 1096 2948 Christi
1141 2882 1296 2947 fecit
1343 2881 1713 2966 ecclesiam,
1779 2884 1873 2947 ita
1916 2892 1991 2948 ut
2034 2893 2284 2969 aposto-

137 2974 340 3039 licum
386 2972 565 3036 illum
597 2970 676 3037 de
707 2995 782 3037 eo
829 2972 1023 3037 liceat
1067 2973 1252 3037 nobis
1298 2972 1593 3057 proferre
1638 2994 2002 3037 sermonem
2034 2969 2118 3058 (I.
2142 2972 2283 3036 Cor.

141 3066 202 3145 9,
225 3060 327 3147 2):
395 3063 546 3147 quia
593 3062 715 3126 etsi
761 3061 903 3127 aliis
947 3083 1077 3125 non
1123 3070 1220 3125 est
1265 3062 1591 3149 apostolus
1604 3112 1622 3147 ,
1674 3062 1787 3127 sed
1832 3070 2054 3127 tamen
2097 3062 2285 3126 nobis

141 3161 270 3234 est3
348 3173 502 3215 nam
579 3151 981 3236 signaculum
1055 3150 1450 3237 apostolatus
1528 3153 1665 3216 eius
1742 3173 1859 3215 nos
1936 3172 2156 3216 sumus
2220 3152 2286 3215 in

142 3239 426 3305 domino.

319 3330 487 3395 Erat
555 3338 772 3394 autem
839 3330 1098 3393 natione
1155 3327 1517 3411 RomanuS,
1587 3352 1628 3393 a
1686 3336 1873 3413 patre
1932 3324 2285 3412 Gordian0‚

144 3441 352 3503 genus
397 3441 435 3483 a
481 3418 744 3504 proauis
807 3440 938 3483 non
1007 3418 1213 3483 solum
1278 3415 1522 3502 nobile,
1597 3416 1711 3482 sed
1780 3426 1845 3481 et
1913 3417 2289 3499 religiosum

146 3509 404 3575 ducens.
499 3504 800 3593 Denique
845 3508 1033 3573 Felix
1088 3505 1378 3571 eiusdem
1432 3506 1825 3594 apostolicae
1873 3505 2041 3570 sedis
2087 3527 2289 3591 quon--

147 3596 295 3663 dam
343 3598 701 3683 episcopus,
749 3598 850 3661 uir
895 3618 1175 3682 magnae
1223 3596 1467 3681 gloriae
1498 3596 1564 3659 in
1597 3594 1853 3661 Christo
1886 3603 1951 3659 et
1998 3595 2289 3679 ecclesia,

34 3750 36 3757 .
149 3690 280 3751 eius
329 3687 455 3751 fuit
502 3694 750 3751 atauus.
845 3685 979 3753 Sed
1026 3695 1092 3750 et
1135 3688 1276 3773 ipse
1322 3685 1725 3750 nobilitatem
1780 3684 2110 3769 religionis
2164 3706 2292 3749 non

149 3777 394 3842 minore
441 3796 638 3861 quam
682 3784 978 3862 parentes
1012 3783 1077 3839 et
1109 3775 1371 3859 cognati
1416 3776 1658 3838 uirtute
1705 3772 2064 3838 deuotionis
2112 3796 2295 3838 exer-

153 3868 300 3931 cuit.
394 3864 818 3930 Nobilitatem
873 3886 1028 3931 uero
1083 3864 1289 3948 illam,
1361 3884 1557 3949 quam
1612 3862 1695 3927 ad
1740 3863 2066 3928 saeculum
2112 3860 2290 3926 uide-
