2723 4326
387 134 474 199 46
2360 130 2403 186 1.
2442 133 2532 186 27.

390 319 625 397 potest.
719 308 867 375 Non
915 311 1088 375 enim
1135 309 1215 376 de
1262 308 1576 376 adulterio
1624 311 1762 374 siue
1809 307 2251 395 fornicatione,
2304 308 2417 375 sed
2450 309 2531 376 de

388 399 678 484 legitimo
711 399 1008 483 coniugio
1039 409 1230 464 natus
1261 399 1493 483 fuerat,
1542 399 1655 485 qui
1686 396 1944 464 dicebat
1984 396 2248 485 (Psalm.
2286 401 2395 484 50,
2430 398 2528 486 7):

391 487 584 552 ‘Ecce
617 489 786 553 enim
834 489 899 552 in
939 489 1387 574 iniquitatibus
1421 496 1773 574 conceptus
1806 510 1968 571 sum,
2019 497 2083 552 et
2127 489 2195 553 in
2241 492 2531 576 peccatis

390 577 684 664 concepit
729 600 834 642 me
881 587 1088 642 mater
1135 579 1325 643 mea..²
1396 575 1527 656 Qui
1568 577 1739 642 enim
1784 578 1853 640 in
1897 577 2346 662 iniquitatibus
2378 597 2527 642 con-

387 678 647 754 ceptum
703 689 773 731 se
817 676 1119 751 nouerat,
1179 689 1220 731 a
1265 666 1496 732 delicto
1557 688 1625 730 se
1678 675 1903 730 natum
1965 667 2305 750 gemebat:
2378 668 2533 754 quia

388 764 604 843 portat
656 757 722 820 in
773 777 956 821 ramo
1015 754 1349 821 humorem
1414 755 1587 840 uitii,
1652 775 1843 840 quem
1906 757 2109 822 traxit
2156 778 2238 821 ex
2285 756 2527 821 radice.

388 846 468 911 In
514 846 746 932 quibus
792 853 1014 910 tamen
1060 845 1279 910 uerbis
1323 848 1453 910 non
1499 842 1965 909 admixtionem
2012 845 2364 930 coniugum
2409 847 2527 910 ini-

390 935 704 1020 quitatem
761 935 1085 1017 nominat,
1150 932 1262 998 sed
1326 935 1535 1021 ipsam
1595 930 1897 998 uidelicet
1960 932 2365 1020 uoluptatem
2423 933 2531 998 ad-

387 1025 733 1089 mixtionis.
816 1020 982 1089 Sunt
1013 1024 1253 1088 etenim
1285 1023 1509 1108 multa,
1558 1043 1723 1109 quae
1770 1021 1949 1086 licita
1986 1023 2347 1109 probantur
2387 1045 2530 1088 esse

388 1135 467 1178 ac
496 1113 810 1199 legitima,
843 1121 910 1176 et
939 1120 1158 1176 tamen
1188 1114 1255 1176 in
1287 1133 1513 1176 eorum
1542 1120 1691 1176 actu
1724 1111 2129 1198 aliquatenus
2162 1109 2531 1196 foedamur3

389 1203 555 1267 sicut
579 1222 773 1288 saepe
795 1199 1129 1266 irascendo
1153 1200 1375 1288 culpas
1394 1201 1792 1287 insequimur
1816 1210 1883 1265 et
1906 1200 2441 1287 tranquillitatem
2469 1205 2535 1266 in

388 1290 573 1356 nobis
607 1291 817 1354 ‘animi
861 1290 1341 1376 perturbamus:
1396 1299 1460 1356 et
1491 1311 1639 1354 cum
1668 1297 1917 1354 rectum
1950 1291 2051 1374 sit,
2088 1288 2260 1376 quod
2292 1293 2531 1376 agitur,

391 1401 523 1444 non
569 1388 668 1444 est
711 1387 933 1443 tamen
977 1377 1430 1465 adprobabile,
1498 1376 1669 1466 quod
1729 1380 1797 1442 in
1854 1401 1929 1444 eo
1976 1380 2228 1445 animus
2276 1390 2531 1467 pertur-

393 1469 605 1532 batur.
699 1465 943 1533 Contra
987 1469 1150 1533 uitia
1195 1469 1435 1555 quippe
1482 1467 1993 1553 delinquentium
2046 1470 2249 1533 iratus
2296 1469 2534 1552 fuerat,

390 1557 510 1644 qui.
548 1555 804 1622 dicebat
850 1554 1113 1642 (Psalm.
1163 1560 1224 1642 6,
1257 1555 1355 1644 8):
1419 1556 1769 1623 ‘Turbatus
1816 1566 1914 1622 est
1960 1578 2115 1643 prae
2162 1559 2265 1623 ira
2310 1559 2534 1624 oculus

391 1645 613 1712 meus.'
695 1644 864 1725 Quia
895 1647 1066 1712 enim
1111 1668 1237 1711 non
1281 1646 1457 1712 ualet
1499 1647 1625 1721 nisi
1670 1645 2016 1733 tranquilla
2060 1667 2241 1712 mens
2288 1647 2355 1711 in
2390 1671 2535 1713 con-

389 1736 828 1822 templationis
875 1758 944 1800 se
990 1735 1202 1801 lucem
1255 1735 1679 1823 suspendere,
1746 1737 1811 1799 in
1876 1737 1974 1800 ira
2032 1757 2218 1801 suum
2276 1737 2537 1802 oculum

389 1825 725 1890 turbatum
771 1823 1056 1892 dolebat:
1105 1827 1275 1912 quia,
1327 1823 1481 1890 dum
1519 1825 1687 1890 male
1732 1833 1878 1890 acta
1909 1823 2210 1891 deorsum
2254 1827 2535 1912 insequi-

391 1923 519 1999 tur,
569 1914 872 1979 confundi
917 1923 1113 2000 atque
1159 1914 1411 1980 turbari
1457 1936 1497 1978 a
1543 1936 1938 1979 summorum
1988 1915 2537 2001 contemplatione

393 2002 765 2087 cogebatur.
857 2003 945 2067 Et
991 2002 1334 2068 laudabilis
1382 2025 1539 2088 ergo
1586 2013 1683 2068 est
1727 2003 1825 2067 ira
1872 2012 2097 2068 contra
2149 2005 2411 2089 uitium,
2468 2020 2539 2070 et

390 2101 608 2157 tamen
638 2091 928 2177 molesta,
969 2115 1097 2179 qua
1127 2093 1460 2157 turbatum
1490 2114 1559 2157 se
1588 2091 1871 2179 aliquem
1900 2101 2152 2157 reatum
2186 2093 2537 2159 incurrisse

391 2183 796 2248 aestimabat.
891 2181 1170 2270 Oportet
1232 2184 1453 2269 itaque
1514 2181 1875 2267 legitimam
1936 2184 2147 2247 carnis
2207 2184 2532 2269 copulam,

394 2282 465 2337 ut
512 2295 706 2337 causa
751 2272 948 2358 prolis
995 2272 1104 2356 sit,
1164 2294 1292 2337 non
1339 2271 1719 2357 uoluptatis3
1786 2281 1850 2335 et
1898 2273 2107 2336 carnis
2154 2276 2537 2339 commixtio

391 2359 820 2426 creandorum
865 2360 1213 2425 liberorum
1263 2362 1346 2425 sit
1377 2360 1610 2447 gratia,
1656 2382 1785 2424 non
1818 2360 2171 2425 satisfactio
2202 2363 2537 2432 uitiorum.

393 2449 612 2537 Siquis
643 2473 799 2515 uero
831 2471 1015 2515 suam
1041 2450 1381 2533 coniugem
1414 2471 1541 2515 non
1574 2449 1875 2535 cupidine
1904 2450 2253 2535 uoluptatis
2284 2462 2537 2539 raptae,

393 2540 506 2604 sed
555 2540 954 2605 solummodo
1002 2537 1425 2604 creandorum
1471 2539 1821 2603 liberorum
1869 2540 2083 2624 gratia
2129 2542 2365 2622 utitur,
2411 2546 2539 2607 istc

389 2628 682 2714 profecto
731 2630 867 2693 siue
913 2626 994 2693 de
1039 2630 1337 2713 ingressu
1392 2628 1701 2692 ecclesiae
1766 2648 1879 2691 seu
1933 2627 2015 2692 de
2062 2627 2375 2694 sumendo
2424 2629 2537 2696 do-

389 2718 609 2781 minici
664 2718 952 2804 corporis
1020 2717 1480 2803 sanguinisque
1538 2718 1850 2802 mysterio
1865 2766 1883 2801 ,
1952 2739 2065 2781 suo
2133 2726 2234 2782 est
2295 2718 2539 2785 iudicio

394 2803 879 2891 relinquendus3
929 2806 1081 2891 quia
1126 2828 1165 2869 a
1210 2807 1395 2872 nobis
1441 2805 1772 2892 prohiberi
1818 2827 1946 2871 non
1976 2803 2170 2871 debet
2216 2809 2538 2895 accipere,

394 2896 502 2981 qui
550 2896 616 2958 in
661 2896 815 2979 igne
860 2896 1106 2981 positus
1151 2895 1360 2960 nescit
1406 2894 1655 2961 ardere.
1753 2891 1919 2959 Cum
1964 2918 2120 2960 uero
2173 2917 2305 2961 non
2352 2920 2542 2963 amor

394 2984 650 3049 ortandi
695 2984 953 3069 sobolis,
1005 2982 1118 3049 sed
1163 2984 1463 3071 uoluptas
1495 2983 1857 3049 dominatur
1900 2986 1968 3049 in
2000 3006 2195 3071 opere
2225 2990 2539 3052 commix-

391 3075 604 3158 tionis,
653 3073 895 3139 habent
940 3074 1247 3159 coniuges
1295 3072 1489 3139 etiam
1536 3074 1617 3140 de
1663 3096 1779 3138 sua
1825 3074 2313 3158 commixtione,
2365 3077 2541 3163 quod

392 3162 692 3229 defleant.
786 3162 934 3227 Hoc
979 3164 1151 3228 enim
1206 3164 1298 3227 eis
1345 3162 1638 3228 concedit
1694 3171 1917 3228 sancta
1975 3160 2409 3249 praedicatiO,
2470 3175 2539 3231 et

390 3260 611 3318 tamen
659 3251 739 3319 de
785 3254 928 3340 ipsa
960 3254 1370 3317 concessione
1416 3260 1595 3317 metu
1639 3253 1928 3316 animum
1974 3254 2279 3317 concutit.
2361 3253 2537 3320 Nam

390 3364 536 3406 cum
568 3343 805 3407 Paulus
849 3342 1176 3429 apostolus
1221 3340 1467 3406 diceret
1512 3340 1594 3423 (Ι.
1632 3339 1771 3405 Cor.
1824 3342 1883 3423 7,
1918 3338 2019 3427 9):
2070 3338 2221 3419 ‘Qui
2267 3362 2339 3407 se
2388 3366 2539 3410 con-

390 3430 600 3496 tinere
628 3454 761 3497 non
791 3440 1026 3518 potest,
1056 3429 1293 3495 habeat
1324 3452 1594 3495 uxorem
1626 3429 1851 3513 suam,'
1888 3432 2108 3494 statim
2139 3430 2539 3518 subiungere

393 3521 642 3584 curauit
702 3516 830 3606 (6):
911 3518 1080 3585 ‘Hoc
1139 3528 1358 3584 autem
1422 3517 1564 3584 dico
1626 3517 1977 3583 secundum
2038 3516 2537 3603 indulgentiam,

391 3629 521 3671 non
585 3606 936 3674 secundum
1001 3607 1387 3694 imperium!
1477 3606 1630 3673 Non
1677 3608 1846 3673 enim
1896 3605 2303 3693 indulgetur,
2365 3612 2539 3698 quod

391 3695 562 3780 licet,
612 3700 762 3783 quia
805 3698 1049 3762 iustum
1095 3706 1209 3762 est.
1305 3694 1494 3775 Quod
1539 3698 1739 3783 igitur
1784 3695 2124 3781 indulgere
2172 3695 2357 3783 dixit,
2410 3700 2538 3767 cul-

391 3806 545 3871 pam
592 3807 732 3850 esse
779 3784 1264 3853 demonstrauit.
