2723 4326
164 242 312 296 1111.
343 243 393 299 3.
2188 250 2309 313 171

169 441 403 484 eorum
432 418 721 507 dissipet,
764 428 828 486 et
860 422 1201 487 conturbet
1230 421 1588 507 audaciam,
1621 420 1884 489 reducto
1915 422 2000 488 ad
2029 434 2316 489 mentem

173 508 519 573 tremendo
577 510 687 574 illo
746 519 1066 597 tempore,
1129 512 1386 598 quando
1431 514 1572 599 ipse
1619 512 1812 577 caelis
1857 535 1935 578 ac
1980 514 2172 577 terris
2219 536 2316 577 ar·

162 598 482 663 dentibus
536 608 846 664 uenturus
903 608 1001 665 est
1046 602 1114 664 in
1158 601 1437 665 nubibus
1484 603 1552 665 in
1597 610 1919 688 potestate
1964 623 2206 686 magna
2250 612 2317 668 et

174 689 524 753 maiestate
570 687 652 753 ad
683 687 1056 754 iudicandos
1101 690 1285 753 uiuos
1334 700 1401 755 et
1442 688 1748 756 mortuos.
1815 690 2092 778 Propter
2123 689 2313 777 quod’

170 777 391 862 inquit
438 777 715 864 ‘oportet
761 800 879 844 nos
926 778 1345 844 admonitioni
1391 781 1526 844 eius
1574 780 1857 864 caelesti,
1907 779 2128 845 debito
2170 803 2317 845 cum

172 868 413 931 timore
459 875 527 932 et
573 888 794 931 amore
838 866 1252 954 respondere3
1316 878 1416 952 ut,
1480 870 1730 954 quoties
1775 890 1950 963 aere·
1992 878 2315 934 commoto

176 976 444 1020 manum
508 958 693 1042 quasi
738 955 821 1021 ad
865 955 1225 1022 feriendum
1284 958 1586 1022 minitans
1650 959 1858 1023 exerit
1929 980 2051 1023 nec
2105 956 2316 1023 adhuc

174 1055 399 1110 tamen
457 1047 763 1131 percutit,
826 1068 979 1110 mox
1036 1045 1428 1131 inploremus
1489 1048 1626 1112 eius
1684 1044 2192 1111 misericordiam
2250 1055 2316 1113 et

166 1134 481 1198 discussis
526 1134 957 1220 penetralibus
1004 1132 1214 1199 cordis
1257 1137 1462 1199 nostri
1505 1144 1701 1222 atque
1747 1137 2123 1221 expurgatis
2170 1137 2314 1200 uiti-

179 1245 366 1287 orum
410 1223 777 1308 ruderibus,
826 1224 1109 1308 solliciti,
1158 1246 1239 1289 ne
1282 1245 1591 1310 umquam
1636 1227 1885 1311 percuti
1928 1246 2312 1309 mereamur,

168 1312 491 1397 agamus?

362 1398 677 1465 Conuenit
722 1410 938 1465 autem
991 1402 1368 1466 reuelationi
1416 1409 1482 1466 et
1528 1402 1826 1468 relationi
1871 1401 2145 1489 praefati
2189 1402 2314 1467 fra-

178 1491 299 1554 tris
347 1488 428 1555 de
475 1490 653 1554 obitu
698 1489 885 1555 huius
940 1492 1244 1555 antistitis
1292 1492 1489 1555 etiam
1547 1512 1756 1555 sermo
1810 1491 2316 1556 reuerentissimi

180 1580 383 1665 patris
414 1578 785 1664 Ecgbercti,
834 1577 914 1643 de
962 1600 1087 1665 quo
1136 1602 1330 1665 supra
1377 1578 1674 1665 diximus,
1725 1581 1833 1666 qui
1880 1579 2121 1644 dudum
2169 1602 2314 1643 cum

173 1666 408 1733 eodem
440 1665 699 1733 ceadda
743 1666 1153 1734 adulescente
1199 1677 1265 1733 et
1309 1670 1450 1755 ipse
1487 1668 1869 1734 'adulescens
1899 1671 1965 1732 in
1996 1668 2316 1734 Hibernia

180 1756 625 1823 monachicam
682 1757 753 1820 in
797 1757 1189 1822 orationibus
1238 1765 1303 1821 et
1353 1758 1745 1822 continentia
1790 1766 1856 1821 et
1901 1756 2314 1822 meditatione

178 1844 545 1911 diuinarum
600 1847 1064 1933 scripturarum
1118 1848 1319 1909 uitam
1367 1845 1622 1911 sedulus
1678 1846 1934 1930 agebat.
2027 1844 2160 1913 Sed
2207 1846 2314 1910 illo

180 1933 589 2022 postmodum
631 1937 911 2022 patriam
978 1957 1237 2000 reuerso
1283 1936 1423 2022 ipse
1469 1937 1848 2022 peregrinus
1894 1956 2012 2021 pro
2060 1933 2316 2000 domino

183 2045 388 2110 usque
434 2022 515 2087 ad
560 2022 755 2089 finem
808 2025 983 2089 uitae
1037 2026 1409 2111 permansit.
1503 2023 1668 2089 Cum
1726 2046 1881 2109 ergo
1934 2027 2187 2090 ueniret
2235 2022 2315 2087 ad

177 2135 334 2180 eum
376 2114 572 2199 longo
617 2122 763 2201 post
808 2122 1099 2199 tempore
1162 2114 1375 2198 gratia
1438 2114 1823 2178 uisitationis
1871 2112 1953 2178 de
1989 2112 2316 2178 Brittania

183 2205 287 2267 uir
342 2205 777 2268 sanctissimus
828 2213 891 2268 et
938 2203 1554 2285 continentissimus,
1621 2202 1936 2267 uocabulo
1981 2200 2314 2288 Hygbald,

185 2293 298 2378 qui
353 2301 491 2358 erat
544 2291 745 2357 abbas
800 2294 868 2357 in
921 2291 1255 2378 prouincia
1298 2290 1611 2376 Lindissi,
1669 2301 1741 2356 ut
1787 2300 1853 2356 et
1899 2301 2152 2356 sanctos
2208 2289 2315 2356 de·

180 2382 395 2465 cebat,
444 2380 523 2446 de
563 2382 701 2446 uita
747 2383 1031 2468 priorum
1075 2390 1336 2468 patrum
1383 2403 1743 2446 sermonem
1790 2381 2076 2446 facerent
2121 2389 2317 2466 atque

180 2471 351 2536 hanc
382 2470 691 2535 aemulari
736 2468 1111 2554 gauderent,
1160 2471 1510 2535 interuenit
1541 2471 1782 2535 mentio
1813 2470 2319 2535 reuerentissimi

182 2561 488 2625 antistitis
535 2556 827 2643 Ceadda,
893 2557 1181 2646 dixitque
1226 2558 1591 2645 Ecgberct:
1664 2555 1836 2624 ‘Scio
1883 2557 2204 2623 hominem
2251 2559 2318 2622 in

183 2649 311 2714 hac
353 2648 562 2713 insula
606 2647 816 2712 adhuc
861 2650 929 2714 in
974 2671 1166 2713 carne
1211 2657 1610 2732 manentem,
1672 2648 1809 2733 qui,
1872 2670 2016 2712 cum
2065 2649 2164 2712 uir
2208 2645 2317 2711 ille

180 2737 269 2802 de
326 2735 563 2802 mundo
621 2739 954 2822 transiret,
1013 2738 1175 2803 uidit
1237 2739 1521 2802 animam
1575 2734 1781 2802 Ceddi
1839 2737 2058 2800 fratris
2117 2737 2317 2822 ipsius

184 2847 337 2891 cum
380 2827 644 2909 agmine
691 2829 1065 2911 angelorum
1113 2824 1504 2893 descendere
1551 2824 1631 2891 de
1679 2825 1876 2910 caelo,
1928 2833 1993 2890 et
2023 2825 2321 2889 adsumta

184 2937 407 2980 secum
435 2917 653 2980 anima
683 2918 838 2998 eius,
884 2914 967 2979 ad
998 2915 1303 2980 caelestia
1330 2937 1539 3002 regna
1566 2913 1818 2979 redire’.
1883 2911 2073 2991 Quod
2104 2924 2320 2979 utrum

186 3005 269 3070 de
314 3028 385 3070 se
430 3027 513 3069 an
560 3002 641 3068 de
686 3004 811 3069 alio
857 3005 1069 3090 aliquo
1116 3002 1387 3091 diceret,
1459 3005 1644 3070 nobis
1703 3015 1924 3068 manet
1981 3005 2316 3086 incertum,

182 3093 343 3159 dum
386 3102 606 3158 tamen
651 3092 801 3176 hoc,
871 3091 1042 3179 quod
1086 3102 1301 3158 tantus
1345 3095 1449 3158 uir
1497 3091 1685 3177 dixit,
1748 3093 1900 3179 quia
1943 3114 2170 3158 uerum
2217 3093 2318 3171 sit,

182 3205 329 3249 esse
372 3205 501 3247 non
547 3185 748 3268 possit
792 3183 1126 3250 incertum.

369 3269 555 3337 Obiit
597 3280 813 3336 autem
860 3268 1121 3336 Ceadda
1167 3280 1350 3337 sexto
1399 3270 1501 3336 die
1546 3270 1885 3336 Nonarum
1941 3267 2325 3333 Martiarum

186 3370 257 3426 et
302 3361 591 3447 sepultus
652 3370 748 3425 est
805 3361 1012 3447 primo
1078 3359 1336 3448 quidem
1406 3362 1590 3425 iuxta
1658 3359 1999 3425 ecclesiam
2063 3365 2324 3423 sanctae

187 3449 471 3534 Mariae3
533 3448 648 3515 sed
703 3449 1109 3535 postmodum
1157 3459 1523 3515 constructa
1567 3449 1806 3514 ibidem
1854 3449 2127 3513 ecclesia
2169 3446 2322 3511 bea-

190 3541 444 3604 tissimi·
469 3539 902 3626 apostolorum
947 3539 1258 3627 principis
1306 3539 1514 3623 Petri,
1561 3539 1630 3602 in
1676 3537 1950 3603 eandem
1998 3544 2145 3600 sunt
2191 3537 2325 3600 eius

188 3652 340 3695 ossa
382 3628 711 3694 translata.
773 3627 855 3693 In
908 3650 1033 3714 quo
1079 3637 1353 3714 utroque
1399 3628 1538 3692 loco
1585 3626 1670 3691 ad
1713 3625 2024 3692 indicium
2066 3625 2326 3689 uirtutis

188 3718 357 3784 illius
404 3717 611 3784 solent
661 3716 889 3783 crebra
927 3719 1273 3782 sanitatum
1322 3716 1632 3781 miracula
1680 3716 1957 3802 operari.
2017 3715 2326 3799 Denique

190 3830 397 3895 nuper
454 3807 803 3872 freneticus
865 3804 1151 3892 quidam,
1224 3805 1378 3872 dum
1425 3829 1543 3893 per
1591 3815 1825 3869 cuncta
1885 3803 2158 3869 errando
2205 3801 2328 3866 dis-

192 3906 500 3982 curreret,
549 3897 809 3962 deuenit
840 3895 931 3961 ibi
961 3917 1252 3983 uespere,
1298 3895 1742 3961 nescientibus
1772 3895 1908 3958 siue
1940 3915 2068 3957 non
2099 3912 2326 3958 curan-
