2723 4326
160 226 317 277 1111.
358 226 583 281 29—30.
2203 237 2333 303 223

162 404 605 469 obseruantia
650 426 725 468 ac
771 406 1053 470 maxime
1086 405 1586 493 elimosynarum
1619 412 1992 496 operatione
2023 413 2331 498 insignis3

158 496 271 557 ita
337 502 409 557 ut
474 495 657 558 iuxta
715 493 929 579 legem
995 496 1289 560 omnibus
1349 498 1532 561 annis
1589 496 1903 563 decimam
1951 522 2080 563 non
2127 501 2330 567 solum

161 580 703 668 quadrupedum,
750 604 979 649 uerum
1030 586 1225 649 etiam
1273 585 1534 671 frugum
1568 589 1850 651 omnium
1884 598 2078 675 atque
2111 613 2331 678 pomo-

156 694 335 735 rum
380 693 501 736 nec
546 694 674 735 non
722 681 787 736 et
831 676 1366 739 uestimentorum
1413 685 1665 761 partem
1698 679 2091 763 pauperibus
2123 680 2326 745 daret.

1657 844 1670 881 l

1119 907 1203 969 30
1252 902 1408 993 [28].

160 1063 251 1119 Vt
298 1076 533 1130 corpus
572 1061 751 1116 illius
790 1062 933 1130 post
970 1064 1066 1117 XI
1104 1078 1297 1118 annos
1350 1064 1716 1133 sepulturae
1763 1065 1851 1119 sit
1897 1068 2328 1135 corruptionis

160 1152 440 1207 inmune
476 1151 826 1219 repertum3
866 1165 979 1206 nec
1004 1151 1201 1206 multo
1226 1152 1372 1221 post
1409 1167 1731 1209 successor
1768 1154 2164 1224 episcopatus
2191 1157 2329 1211 eius

892 1241 967 1294 de
1002 1242 1225 1295 mundo
1264 1240 1622 1296 transierit.

366 1384 612 1449 Volens
658 1393 875 1449 autem
920 1384 1112 1449 latius
1158 1386 1600 1451 demonstrare
1649 1387 1867 1452 diuina
1913 1386 2323 1475 dispensatiO,

164 1484 429 1562 quanta
475 1475 541 1539 in
588 1473 795 1559 gloria
838 1475 941 1540 uir
988 1472 1229 1539 domini
1260 1471 1588 1540 Cudberct
1633 1486 1780 1563 post
1824 1486 2100 1542 mortem
2145 1480 2323 1543 uiue-

166 1574 297 1648 ret,
355 1564 540 1627 cuius
586 1572 736 1628 ante
782 1562 1057 1629 mortem
1102 1564 1240 1627 uita
1285 1563 1574 1630 sublimis
1622 1565 1864 1630 crebris
1899 1568 2093 1632 etiam
2132 1570 2323 1645 mira,-

168 1654 479 1717 culorum
524 1652 792 1737 patebat
836 1651 1109 1733 indiciis,
1154 1656 1498 1717 transactis
1545 1656 1912 1740 sepulturae
1959 1657 2095 1719 eius
2141 1660 2326 1721 annis

166 1742 319 1827 XI,
381 1742 629 1807 inmisit
688 1742 754 1804 in
808 1743 1022 1805 animo
1080 1741 1384 1825 fratrum,
1441 1752 1512 1805 ut
1565 1742 1864 1807 tollerent
1925 1766 2070 1808 ossa
2134 1745 2320 1830 illius,

168 1855 347 1918 quae
397 1852 579 1895 more
626 1840 1023 1895 mortuorum
1072 1840 1402 1895 consumto
1449 1833 1577 1895 iam
1627 1843 1690 1896 et
1737 1835 1805 1896 in
1849 1834 2182 1918 puluerem
2227 1856 2323 1899 re-

170 1922 375 1986 dacto
424 1920 671 2005 reliquo
727 1942 991 2006 corpore
1046 1920 1217 1983 sicca
1273 1919 1662 1984 inuenienda
1719 1923 2063 2008 putabant:
2126 1931 2321 2009 atque

168 2014 237 2075 in
288 2032 468 2074 nouo
514 2006 851 2073 recondita
895 2009 1103 2073 loculo
1135 2009 1201 2071 in
1235 2010 1461 2073 eodem
1493 2008 1751 2095 quidem
1783 2010 1945 2093 loce,
1981 2004 2095 2075 sed
2129 2034 2322 2098 supra

170 2102 633 2187 pauimentum
680 2096 915 2183 dignae
972 2099 1404 2163 uenerationis
1466 2101 1678 2184 gratia
1733 2098 2037 2165 locarent.
2131 2099 2320 2180 Quod

172 2191 332 2254 dum
386 2186 511 2254 sibi
556 2189 871 2274 placuisse
919 2188 1287 2253 Eadbercto
1332 2190 1607 2253 antistiti
1655 2211 1768 2253 suo
1812 2189 2160 2274 referrent,
2210 2190 2316 2254 ad-

171 2281 321 2343 nuit
372 2277 639 2342 consilio
686 2298 908 2342 eorum
952 2278 1284 2363 iussitque,
1332 2286 1406 2341 ut
1452 2277 1556 2343 die
1585 2279 2000 2364 depositionis
2035 2279 2170 2343 eius
2200 2279 2322 2344 hoc

173 2368 399 2432 facere
458 2367 917 2432 meminissent.
1021 2366 1343 2430 Fecerunt
1398 2375 1615 2432 autem
1679 2370 1772 2432 ita
1828 2377 1894 2434 et
1961 2369 2322 2454 aperientes

101 2526 106 2531 ,
175 2455 598 2544 sepulchrum
645 2457 1027 2520 inuenerunt
1072 2477 1303 2542 corpus
1334 2465 1560 2541 totum,
1596 2459 1778 2543 quasi
1808 2457 2018 2522 adhue
2048 2459 2319 2542 uiueret,

175 2549 519 2631 integrum
558 2553 622 2608 et
651 2543 973 2609 flexilibus
1006 2554 1261 2609 artuum
1294 2546 1715 2631 compagibus
1744 2546 1946 2611 multo
1982 2544 2322 2611 dormienti

177 2657 380 2720 quam
431 2643 686 2700 mortuo
735 2633 1032 2718 similius;
1090 2633 1203 2698 sed
1250 2644 1315 2698 et
1361 2636 1752 2700 uestimenta
1798 2637 2041 2720 omnia,
2091 2636 2324 2721 quibus

176 2723 483 2788 indutum
532 2732 690 2806 erat,
734 2745 863 2788 non
910 2724 1112 2788 solum
1160 2725 1560 2808 intemerata,
1610 2747 1832 2790 uerum
1867 2727 2062 2790 etiam
2106 2727 2324 2811 prisca

177 2815 475 2878 nouitate
522 2823 587 2877 et
634 2811 1015 2876 claritudine
1061 2813 1353 2878 miranda
1399 2813 1733 2901 parebant.
1837 2810 2022 2890 Quod
2070 2814 2184 2878 ubi
2227 2816 2319 2878 ui·

180 2902 335 2967 dere
367 2903 624 2986 fratrea,
671 2903 870 2969 nimio
902 2924 1057 2966 mox
1087 2904 1319 2968 timore
1349 2902 1629 2989 perculsi
1661 2903 2046 2967 festinarunt
2074 2904 2320 2968 referre

179 2992 481 3069 antistiti,
531 3013 696 3076 quae
743 2993 1140 3056 inuenerant.
1238 2989 1365 3070 Qui
1429 3000 1566 3055 tum
1630 2991 1795 3056 forte
1860 2993 1926 3056 in
1971 2995 2322 3058 remotiore

182 3079 263 3144 ab
332 3079 609 3147 ecclesia
668 3080 809 3144 loco
864 3079 1081 3144 refluis
1138 3079 1419 3167 undique
1472 3080 1689 3166 pelagi
1749 3079 2046 3146 fluctibus
2110 3083 2322 3146 cincto

182 3167 509 3233 solitarius
554 3169 876 3236 manebat.
968 3169 1048 3234 In
1079 3168 1201 3235 hoc
1232 3170 1470 3234 etenim
1503 3191 1759 3257 semper
1789 3171 2320 3255 quadragesimae

181 3267 441 3346 tempus
487 3279 705 3342 agere,
754 3259 818 3322 in
865 3257 986 3324 hoc
1017 3257 1146 3322 XL
1178 3268 1328 3324 ante
1375 3257 1765 3323 dominicum
1809 3259 2024 3324 natale
2070 3257 2208 3324 dies
2253 3259 2320 3324 in

183 3366 426 3430 magna
489 3347 947 3431 continentiae,
1018 3349 1324 3412 orationis
1385 3357 1450 3414 et
1511 3347 1916 3414 lacrimarum
1977 3346 2319 3412 deuotione

184 3437 550 3522 transigere
597 3435 873 3502 solebat:
923 3439 989 3500 in
1036 3458 1162 3522 quo
1208 3439 1402 3501 etiam
1448 3438 1834 3502 uenerabilis
1865 3434 2321 3524 praedecessor

188 3523 320 3586 eius
340 3523 690 3606 Gudberct,
724 3527 1095 3612 priusquam
1108 3526 1384 3590 insulam
1399 3526 1614 3591 Farne
1644 3536 1914 3612 peteret,
1949 3525 2320 3613 aliquandiu

187 3625 474 3679 secretus
522 3613 774 3679 domino
818 3614 1157 3678 militabat.

364 3703 761 3770 Adtulerunt
805 3713 1022 3768 autem
1068 3705 1128 3768 ei
1176 3712 1240 3767 et
1285 3713 1536 3789 partem
1568 3701 2106 3788 indumentorum,
2155 3726 2322 3791 quae

189 3809 421 3878 eorpus
468 3802 755 3858 sanctum
802 3792 1179 3877 ambierant,
1228 3814 1394 3878 quae
1439 3815 1587 3858 cum
1629 3793 1737 3857 ille
1784 3800 1850 3857 et
1878 3815 2144 3858 munera
2175 3816 2318 3879 gra-

190 3884 401 3945 tanter
446 3884 769 3968 acciperet
816 3890 879 3946 et
923 3882 1234 3947 miracula
1276 3881 1553 3947 libenter
1583 3880 1852 3962 audiret,
1897 3905 2046 3948 nam
2082 3893 2148 3949 et
2179 3885 2319 3969 ipsa
