2723 4326
382 153 422 220 8
2268 151 2311 202 1.
2356 151 2519 206 1-2,

378 328 656 415 recepit3
706 330 817 415 qui
862 327 1022 393 duce
1068 326 1292 393 Reuda
1338 327 1418 394 de
1448 327 1766 397 Hibernia
1809 331 2155 416 progressi,
2203 330 2310 394 uel
2356 331 2519 394 ami-

381 419 534 483 citia
593 417 702 483 uel
759 418 929 483 ferro
985 417 1242 484 sibimet
1296 419 1467 484 inter
1514 439 1622 483 eos
1682 417 1901 500 sedes,
1974 441 2132 505 quas
2199 419 2517 484 hactenus

377 507 652 590 habent,
717 506 1158 573 uindicarunt:
1222 531 1260 572 a
1316 529 1441 593 quo
1502 506 1805 572 uidelicet
1858 505 2020 572 duce
2073 531 2276 594 usque
2322 507 2518 572 hodie

378 594 760 662 Dalreudini
789 606 1120 680 uocantur,
1167 619 1318 661 nam
1348 596 1571 680 lingua
1602 619 1825 661 eorum
1856 595 2002 662 daal
2030 606 2286 684 partem
2318 598 2521 682 signi-

381 684 549 752 ficat.
623 685 943 751 Hibernia
987 695 1205 751 autem
1253 694 1318 751 et
1365 683 1700 750 latitudine
1747 686 1845 749 sui
1891 694 2097 750 status
2146 696 2211 752 et
2242 685 2516 750 salubri-

380 784 516 840 tate
561 797 638 840 ac
684 777 1029 840 serenitate
1074 797 1296 840 aerum
1342 773 1617 839 multum
1662 773 2021 840 Brittaniae
2066 784 2372 861 praestat,
2421 775 2521 839 ita

381 874 454 929 ut
519 885 666 928 raro
731 864 821 928 ibi
884 866 998 928 nix
1065 864 1208 950 plus
1277 885 1473 949 quam
1535 863 1837 929 triduana
1894 873 2255 929 remaneat:
2322 885 2519 928 nemo

381 961 646 1040 propter
690 951 966 1018 hiemem
1005 962 1118 1017 aut
1147 953 1300 1017 fena
1331 961 1502 1018 secet
1532 961 1779 1018 aestate
1809 961 1921 1017 aut
1952 953 2205 1018 stabula
2233 953 2520 1018 fabricet

380 1043 714 1108 iumentis:
776 1042 1018 1107 nullum
1062 1041 1154 1106 ibi
1198 1042 1429 1128 reptile
1475 1039 1683 1106 uideri
1728 1042 1961 1126 soleat,
2022 1042 2233 1108 nullus
2288 1044 2519 1106 uiuere

384 1153 649 1218 serpens
706 1132 957 1197 ualeat:
1024 1153 1174 1194 nam
1239 1152 1435 1217 saepe
1495 1131 1603 1194 illo
1650 1129 1728 1196 de
1772 1129 2093 1195 Brittania
2138 1129 2335 1196 adlati
2380 1153 2516 1196 ser-

381 1229 638 1308 pentes,
695 1242 848 1284 mox
901 1229 972 1284 ut
992 1269 1010 1302 ,
1072 1221 1479 1305 proximante
1524 1221 1713 1285 terris
1758 1221 2018 1305 nauigio
2038 1270 2057 1304 ,
2105 1220 2299 1285 odore
2346 1221 2519 1285 aeris

381 1309 549 1374 illius
595 1309 842 1373 adtacti
884 1308 1153 1392 fuerint,
1201 1310 1558 1374 intereunt:
1610 1311 1763 1395 quin
1808 1311 2021 1396 potius
2067 1310 2281 1374 omnia
2326 1330 2518 1396 pene,

383 1421 548 1486 quae
579 1395 660 1462 de
692 1397 916 1463 eadem
955 1397 1160 1462 insula
1208 1411 1377 1483 sunt,
1426 1408 1648 1462 contra
1678 1419 1999 1463 uenenum
2028 1399 2267 1464 ualent.
2316 1397 2521 1462 Deni-

386 1510 512 1574 que
557 1486 868 1570 uidimus,
918 1484 1301 1573 quibusdam
1347 1511 1387 1551 a
1432 1497 1729 1574 serpente
1774 1488 2121 1572 percussis,
2171 1510 2321 1554 rasa
2364 1486 2524 1551 folia

382 1575 694 1661 codicum,
737 1578 849 1661 qui
879 1576 960 1641 de
990 1575 1308 1642 Hibernia
1338 1577 1615 1661 fuerant,
1648 1585 1714 1642 et
1743 1578 1953 1662 ipsam
1983 1599 2277 1643 rasuram
2308 1599 2522 1662 aquae

383 1667 740 1732 immissam
794 1688 872 1730 ac
924 1667 1104 1752 potui
1150 1666 1366 1732 datam
1387 1717 1403 1749 ,
1471 1665 1706 1730 talibus
1763 1667 2055 1751 protinus
2114 1675 2319 1730 totam
2382 1667 2522 1729 uim

383 1756 613 1820 ueneni
667 1757 1020 1840 grassantis
1039 1805 1058 1838 ,
1122 1764 1328 1821 totum
1389 1754 1595 1820 inflati
1654 1757 1937 1840 corporis
1997 1755 2385 1820 absumsisse
2438 1777 2522 1819 ac

383 1844 644 1910 sedasse
703 1854 1037 1909 tumorem.
1129 1845 1333 1909 Diues
1392 1844 1575 1908 lactis
1620 1865 1699 1908 ac
1753 1844 1958 1908 mellis
2004 1843 2213 1909 insula
2257 1866 2379 1908 nec
2424 1843 2520 1907 ui·

382 1955 650 1998 nearum
695 1955 960 2019 expers,
1021 1934 1294 2019 piscium
1351 1933 1847 2018 uolucrumque,
1908 1932 2024 1998 sed
2070 1941 2133 1998 et
2178 1954 2521 1997 ceruorum

385 2044 892 2109 caprearumque
922 2034 1160 2088 uenatu
1191 2023 1480 2106 insignis.
1547 2021 1733 2086 Haec
1763 2031 1983 2087 autem
2012 2023 2273 2109 proprie
2305 2022 2523 2107 patria

385 2109 756 2179 Scottorum
806 2121 937 2180 est:
999 2112 1081 2177 ab
1142 2110 1262 2177 hac
1309 2113 1587 2197 egressi,
1652 2119 1724 2177 ut
1771 2109 2079 2195 diximus,
2139 2111 2401 2176 tertiam
2454 2112 2524 2175 in

386 2202 712 2269 Brittania
754 2202 1176 2268 Brettonibus
1223 2210 1285 2265 et
1333 2201 1533 2265 Pictis
1588 2210 1849 2285 gentem
1902 2198 2305 2265 addiderunt.
2402 2200 2524 2265 Est

386 2302 604 2357 autem
661 2294 837 2357 sinus
896 2293 1092 2356 maris
1151 2291 1620 2378 permaximus,
1683 2292 1793 2375 qui
1851 2291 2201 2375 antiquitus
2257 2298 2523 2374 gentem

387 2382 775 2447 Brettonum
821 2404 860 2445 a
905 2381 1106 2445 Pictis
1155 2380 1552 2463 secernebat,
1602 2382 1712 2465 qui
1741 2378 1823 2444 ab
1856 2378 2184 2443 occidente
2214 2379 2281 2441 in
2313 2387 2521 2443 terras

386 2473 580 2556 longo
647 2471 854 2557 spatio
909 2470 1221 2556 erumpit,
1287 2468 1400 2533 ubi
1458 2478 1557 2533 est
1613 2469 1839 2533 ciuitas
1886 2466 2281 2546 Brettonum
2315 2468 2524 2531 muni-

389 2562 635 2625 tissima
665 2582 866 2647 usque
896 2558 1104 2641 hodie,
1154 2581 1317 2646 quae
1347 2567 1628 2629 uocatur.
1647 2556 1966 2621 Alcluith:
2014 2555 2097 2620 ad
2129 2556 2309 2621 cuius
2341 2555 2523 2621 uide-

388 2650 540 2715 licet
585 2651 758 2713 sinus
804 2658 1059 2735 partem
1105 2646 1675 2734 septentrionalem
1723 2643 1964 2727 Scotti,
2013 2667 2173 2731 quos
2220 2642 2520 2729 diximus,

388 2738 805 2806 aduenientes
853 2738 976 2803 sibi
1021 2738 1234 2803 locum
1280 2738 1532 2822 patriae
1578 2735 1893 2801 fecerunt.

1426 2988 1485 3051 2.

463 3147 543 3205 vt
581 3145 963 3202 BrIttaniam
1000 3144 1239 3216 primus
1276 3145 1687 3199 Romanorum
1722 3138 1909 3197 Gaius
1948 3139 2151 3195 Iulius
2189 3139 2450 3195 adierit.

567 3274 814 3339 Verum
869 3272 1094 3338 eadem
1150 3270 1473 3336 Brittania
1520 3268 1826 3333 Romanis
1893 3288 2097 3351 usque
2152 3265 2235 3331 ad
2281 3264 2522 3331 Graium

390 3364 624 3429 Iulium
657 3362 1000 3428 Caesarem
1049 3364 1380 3426 inaccessa
1425 3368 1619 3443 atque
1651 3357 1982 3440 incognita
2012 3355 2162 3419 fuit:
2212 3357 2323 3441 qui
2354 3378 2523 3420 anno

393 3453 475 3518 ab
521 3452 702 3518 Vrbe
749 3453 1006 3518 condita
1050 3446 1429 3515 DOXOIII.
1480 3455 1629 3512 ante
1685 3468 1840 3510 uero
1900 3444 2359 3508 incarnationis
2416 3444 2526 3509 do·

392 3542 664 3607 minicae
709 3551 966 3628 tempus
1014 3562 1178 3604 anno
1227 3536 1396 3621 LX.‚
1448 3536 1705 3601 functus
1739 3533 1944 3619 gradu
1978 3534 2345 3597 consulatus
2377 3556 2524 3598 cum

391 3630 594 3696 Lucio
658 3630 949 3715 Bibulo„
996 3628 1149 3694 dum
1218 3636 1443 3692 contra
1512 3622 1985 3690 Germanorum
2057 3620 2524 3708 Gallorumque

393 3729 653 3805 gentes,
703 3722 813 3806 qui
856 3718 1082 3784 Rheno
1129 3725 1381 3782 tantum
1426 3714 1687 3778 flumine
1734 3711 2225 3793 dirimebantur,
2281 3709 2525 3775 bellum

393 3818 675 3896 gereret,
724 3810 905 3874 uenit
950 3808 1034 3874 ad
1079 3806 1399 3886 Morinos,
1448 3801 1619 3867 unde
1664 3803 1731 3865 in
1764 3800 2145 3865 Brittaniam
2191 3801 2525 3885 proximus
