2723 4326
422 199 548 263 188
2156 192 2280 248 1111.
2322 192 2568 247 13—14.

421 377 759 462 episcopus
806 371 1071 455 Vilfrid,
1142 371 1439 438 fundauit
1495 372 1584 437 ibi
1641 371 2101 435 monasterium
2148 391 2225 433 ac
2269 368 2570 453 regulari

420 466 553 529 uita
595 463 890 546 instituit,
940 464 1223 527 maxime
1250 484 1332 527 ex
1363 462 1483 542 his,
1533 482 1692 546 quos
1739 480 1958 525 secum
2003 457 2380 541 adduxerat,
2436 458 2569 521 fra-

421 554 655 617 tribus:
691 551 865 637 quod
886 573 1091 637 usque
1113 549 1303 616 hodie
1332 571 1734 615 successores
1767 551 1901 613 eius
1931 556 2156 613 tenere
2184 558 2566 612 noscuntur.

420 641 594 706 Nam
657 642 797 727 ipse
865 640 990 704 illis
1036 643 1103 705 in
1149 639 1442 726 partibus
1509 660 1710 704 annos
1754 638 1838 720 V,
1908 636 1976 701 id
2045 646 2143 701 est
2204 657 2414 721 usque
2483 635 2570 699 ad

422 739 696 795 mortem
742 728 1036 813 Ecgfridi
1080 731 1283 813 regis,
1332 729 1562 793 merito
1609 727 1906 792 omnibus
1950 725 2372 807 honorabilis,
2426 722 2570 788 offi-

423 822 593 884 cium
642 819 1047 905 episcopatus
1094 828 1157 883 et
1202 817 1401 881 uerbo
1457 817 1804 881 exercebat
1847 826 1912 880 et
1960 836 2173 901 opere.
2265 813 2356 878 Et
2403 835 2566 899 quo-

422 910 599 972 niam
641 907 735 971 illi
780 929 900 971 rex
945 929 1090 971 cum
1137 908 1434 992 praefata
1490 906 1613 969 loci
1670 904 2073 992 possessione
2131 924 2384 983 omnes,
2455 903 2571 988 qui

424 997 663 1062 ibidem
711 1006 913 1079 erant,
959 995 1301 1061 facultates
1350 1016 1496 1059 cum
1527 996 1704 1079 agris
1750 1004 1816 1059 et
1861 992 2226 1056 hominibus
2271 990 2570 1074 donauit,

418 1109 647 1151 omnes
705 1083 833 1149 fide
891 1083 1131 1149 Christi
1191 1085 1542 1167 institutos,
1609 1080 1782 1147 unda
1848 1082 2256 1169 baptismatis
2325 1080 2569 1161 abluit3

423 1177 591 1240 inter
623 1196 801 1260 quos,
852 1195 1070 1237 seruos
1104 1182 1169 1237 et
1198 1172 1462 1237 ancillas
1498 1172 1806 1236 ducentos
1853 1171 2350 1257 quinquaginta:
2403 1191 2574 1256 quos

425 1286 646 1329 omnes
678 1271 751 1327 ut
781 1262 1171 1348 baptizando
1199 1284 1241 1325 a
1273 1262 1584 1326 seruitute
1616 1261 1993 1325 daemonica
2021 1259 2314 1341 saluauit,
2363 1260 2570 1323 etiam

424 1352 725 1417 libertate
771 1348 1064 1415 donando
1111 1350 1429 1415 humanae
1475 1352 1628 1435 iugo
1677 1351 2000 1413 seruitutis
2048 1347 2342 1416 absoluit.

1442 1580 1543 1644 14.
1581 1604 1588 1611 ·

519 1740 599 1796 Vt
637 1738 1088 1795 intercessione
1128 1737 1384 1795 osualdi
1421 1738 1595 1805 regis
1633 1736 1944 1807 pestifera
1981 1735 2338 1791 mortalitas
2377 1736 2474 1791 sit

1364 1826 1635 1882 sublata.

606 1971 685 2035 In
749 1993 873 2056 quo
934 1982 1086 2035 tunc
1145 1972 1534 2034 monasterio
1593 1970 1898 2034 nonnulla
1953 1967 2247 2033 caelestis
2308 1970 2570 2053 gratiae

428 2059 599 2125 dona
658 2060 1017 2146 specialiter
1077 2069 1331 2124 ostensa
1397 2059 1594 2123 fuisse
1663 2058 2110 2145 perhibentur3
2176 2065 2402 2143 utpote
2452 2056 2568 2121 ubi

428 2173 632 2237 nuper
701 2149 967 2237 expulsa
1038 2148 1274 2213 diaboli
1337 2147 1680 2236 tyrannide
1727 2146 2019 2213 Christus
2087 2148 2216 2210 iam
2283 2168 2568 2230 regnare

429 2249 757 2326 coeperat:
810 2262 845 2320 e
885 2240 1116 2324 quibus
1160 2259 1380 2321 unum,
1429 2237 1602 2324 quod
1646 2237 1802 2300 mihi
1847 2237 2399 2301 reuerentissimus
2450 2259 2564 2300 an·

427 2330 607 2393 tistes
652 2328 831 2393 Acca
877 2329 1130 2412 saepius
1184 2327 1428 2390 referre
1475 2335 1540 2390 et
1586 2349 1628 2389 a
1669 2324 2051 2390 fidelissimis
2099 2322 2382 2389 eiusdem
2429 2347 2566 2388 mo·

425 2417 692 2482 nasterii
736 2415 1045 2480 fratribus
1077 2414 1199 2479 sibi
1244 2416 1518 2480 relatum
1562 2437 1850 2479 asserere
1897 2414 2160 2497 solebat,
2211 2415 2568 2477 memoriae

426 2503 738 2570 mandare
800 2502 1207 2568 commodum
1266 2503 1580 2567 duximus.
1675 2503 1925 2568 Eodem
1981 2503 2185 2580 ferme
2247 2511 2563 2588 tempore,

428 2618 551 2680 quo
576 2596 721 2680 ipsa
764 2594 1091 2670 prouincia
1136 2615 1372 2657 nomen
1405 2589 1643 2656 Christi
1690 2601 2077 2678 susceperat,
2124 2591 2359 2655 multas
2391 2589 2564 2654 Brit-

426 2686 639 2747 taniae
685 2683 1051 2770 prouincias
1095 2681 1454 2745 mortalitas
1487 2704 1682 2746 saeua
1728 2680 2136 2767 corripiebat.
2201 2677 2384 2757 Quae
2413 2702 2562 2743 cum

424 2772 791 2856 praefatum
837 2793 1091 2858 quoque
1138 2771 1618 2853 monasterium,
1669 2772 1771 2834 cui
1801 2779 1952 2834 tunc
1983 2767 2266 2853 regendo
2297 2769 2561 2852 religio-

428 2861 715 2924 sissimus
763 2859 1003 2924 Christi
1050 2857 1345 2924 sacerdos
1391 2859 1704 2924 uocabulo
1750 2861 1982 2946 Eappa
2027 2858 2336 2944 praefuit,
2397 2866 2557 2921 nutu

428 2947 683 3012 diuinae
746 2948 1236 3034 dispensationis
1300 2951 1676 3032 attingeret3
1744 2949 2058 3034 multique
2125 2949 2262 3010 siue
2309 2945 2388 3010 de
2434 2945 2556 3025 his,

427 3039 538 3124 qui
586 3059 732 3100 cum
778 3039 1065 3102 antistite
1110 3037 1218 3101 illo
1264 3045 1603 3119 uenerant,
1663 3039 1798 3102 siue
1845 3035 1926 3101 de
1971 3035 2124 3119 illis,
2175 3037 2284 3120 qui
2330 3035 2408 3099 de
2455 3056 2557 3098 ea-

426 3127 574 3190 dem
622 3127 953 3212 prouincia
998 3124 1329 3193 Saxonum
1375 3147 1579 3212 nuper
1625 3123 1708 3188 ad
1753 3123 1945 3189 fidem
2007 3125 2263 3189 fuerant
2320 3124 2553 3203 uocati,

424 3217 665 3300 passim
714 3215 793 3279 de
839 3214 960 3280 hac
1004 3217 1141 3280 uita
1186 3225 1590 3300 raperentur3
1657 3215 1866 3278 uisum
1927 3223 2026 3278 est
2084 3212 2389 3278 fratribus
2443 3213 2551 3275 tri·

425 3302 706 3368 duanum
754 3306 1063 3368 ieiunium
1110 3325 1305 3387 agere
1354 3312 1418 3368 et
1465 3301 1749 3367 diuinam
1797 3303 2170 3390 suppliciter
2215 3301 2554 3365 obsecrare

426 3390 861 3476 clementiam,
923 3401 995 3456 ut
1047 3391 1552 3457 misericordiam
1599 3393 1721 3456 sibi
1769 3390 2143 3476 dignaretur
2187 3388 2550 3476 inpendere,

427 3489 493 3542 et
538 3482 675 3544 siue
734 3482 1170 3567 periclitantes
1222 3481 1346 3546 hoc
1406 3482 1631 3544 morbo
1679 3503 1717 3544 a
1761 3483 2088 3567 praesenti
2142 3488 2349 3544 morte
2402 3478 2551 3542 libe-

426 3577 602 3630 raret
648 3590 760 3633 seu
803 3579 1025 3657 raptos
1058 3593 1093 3634 e
1124 3569 1363 3634 mundo
1410 3593 1452 3633 a
1494 3579 1808 3656 perpetua
1852 3571 2103 3634 animae
2149 3568 2551 3633 damnatione

428 3665 727 3719 seruaret.

606 3742 766 3808 Erat
824 3755 978 3810 tunc
1037 3749 1345 3832 temporis
1391 3747 1457 3811 in
1514 3745 1739 3812 eodem
1799 3746 2187 3811 monasterio
2249 3744 2546 3831 puerulus

428 3827 688 3910 quidam
740 3832 819 3894 de
862 3835 1119 3898 natione
1166 3833 1520 3919 Saxonum,
1589 3856 1797 3921 nuper
1862 3845 2130 3901 uocatus
2195 3835 2277 3899 ad
2339 3832 2542 3915 fidem,
