2723 4326
377 155 461 220 48
1303 168 1306 176 '
2342 153 2383 204 Ι.
2423 155 2522 208 27.

375 340 663 415 reatum,
728 353 855 395 non
919 341 1137 396 tamen
1195 353 1395 416 usque
1441 329 1523 396 ad
1570 330 2065 417 prohibitionem
2114 328 2516 416 percipiendi

376 422 582 485 sancti
643 421 938 504 mysterii
995 421 1101 484 uel
1140 421 1481 484 missarum
1527 420 1861 485 'sollemnia
1907 419 2299 484 celebrandi:
2364 441 2515 484 cum

374 511 648 574 fortasse
712 519 824 573 aut
882 509 1082 574 festus
1147 508 1280 573 dies
1339 509 1545 594 exigit
1610 520 1722 572 aut
1778 508 2073 573 exhiberi
2130 510 2516 594 mysterium

378 596 522 686 (pro
557 621 651 681 e0,
702 600 872 685 quod
919 596 1214 664 sacerdos
1251 599 1416 663 alius
1446 601 1512 663 in
1544 600 1683 662 loco
1717 595 1924 683 deest)
1972 599 2115 684 ipsa
2160 599 2513 662 necessitas

375 689 722 774 compellit.
815 686 989 754 Nam
1037 689 1089 752 si
1135 686 1369 752 adsunt
1415 688 1551 770 alii,
1610 689 1719 773 qui
1765 687 2035 774 implere
2080 687 2517 751 ministerium

375 777 661 860 ualeant,
732 777 961 842 inlusio
1021 799 1137 863 per
1181 776 1513 864 crapulam
1558 777 1733 841 facta
1776 799 1816 841 a
1861 778 2276 863 perceptione
2344 778 2520 840 sacri

375 868 667 952 mysterii
714 865 1054 952 prohibere
1099 887 1228 930 non
1275 865 1500 950 debet3
1558 863 1671 930 sed
1731 865 1816 930 ab
1863 865 2299 930 immolatione
2344 867 2515 929 sacri

375 957 667 1042 mysterii
713 956 1057 1038 abstinere,
1107 964 1180 1019 ut
1219 954 1516 1038 arbitror,
1566 952 1890 1020 humiliter
1923 953 2141 1018 debet:
2192 957 2246 1019 si
2293 963 2515 1018 tamen

374 1045 752 1111 dormientis
817 1053 1102 1109 mentem
1165 1045 1340 1130 turpi
1398 1045 1855 1128 imaginatione
1914 1065 2045 1107 non
2096 1045 2511 1108 concusserit.

376 1132 547 1199 Nam
595 1144 762 1217 sunt,
811 1134 1041 1218 quibus
1087 1134 1179 1197 ita
1224 1133 1605 1219 plerumque
1651 1133 1882 1197 inlusio
1929 1135 2243 1217 nascitur,
2290 1141 2363 1196 ut
2409 1151 2519 1196 eo·-

373 1245 517 1288 rum
563 1225 848 1303 animus,
905 1225 1098 1286 etiam
1144 1223 1211 1286 in
1259 1244 1484 1286 somno
1530 1223 1816 1307 corporis
1874 1223 2147 1307 positus,
2209 1222 2513 1308 turpibus

373 1312 940 1395 imaginationibus
987 1333 1113 1375 non
1160 1309 1474 1375 foedetur.
1555 1309 1700 1390 Qua
1738 1314 1805 1373 in
1837 1333 1908 1375 re
1940 1333 2140 1375 unum
2171 1311 2263 1375 ibi
2298 1319 2513 1375 osten·
2582 1306 2587 1309 ’

375 1402 548 1466 ditur
603 1403 746 1487 ipsa
804 1423 984 1464 mens
1040 1421 1184 1484 rea,
1247 1422 1377 1465 non
1431 1410 1650 1465 tamen
1692 1399 1797 1464 uel
1842 1421 1955 1463 suo
2002 1399 2239 1464 iudicio
2284 1399 2516 1484 libera,

376 1513 524 1554 cum
581 1513 679 1571 se,
745 1489 868 1553 etsi
926 1490 1269 1555 dormienti
1314 1511 1612 1575 corpore,
1673 1487 1833 1552 nihil
1890 1491 2185 1552 meminit
2249 1487 2526 1571 uidisse,

375 1589 593 1644 tamen
637 1581 704 1642 in
748 1578 986 1663 uigiliis
1041 1580 1326 1665 corporis
1373 1580 1667 1643 meminit
1698 1580 1766 1642 in
1793 1577 2148 1662 ingluuiem
2181 1577 2512 1643 cecidisse.

376 1665 491 1734 Sin
564 1689 720 1732 uero
787 1690 868 1732 ex
931 1669 1105 1754 turpi
1163 1669 1555 1754 cogitatione
1612 1669 1943 1752 uigilantis
2008 1668 2211 1732 oritur
2277 1667 2513 1732 inlusio

375 1754 776 1838 (1611111611116,
823 1766 1004 1844 116161
1048 1759 1263 1821 animo
1308 1767 1523 1821 reatus
1570 1778 1752 1820 suus:
1815 1757 1995 1821 uidet
2044 1759 2247 1838 enim,
2296 1778 2334 1820 a
2381 1778 2535 1841 qua.

372 1845 592 1911 radice
650 1847 1006 1932 inquinatio
1069 1845 1179 1910 illa
1237 1847 1653 1932 processerit,
1720 1847 1903 1931 quia,
1966 1845 2137 1930 quod
2196 1847 2515 1931 cogitauit

375 1937 613 2018 sciens,
679 1935 800 1999 hoc
853 1935 1118 2022 pertulit
1163 1937 1473 2000 nesciens.
1568 1931 1700 2001 Sed
1747 1934 2146 2020 pensandum
2193 1943 2318 2018 est,
2365 1936 2517 2020 ipsa

379 2025 685 2108 cogitatio
745 2034 959 2089 utrum
1022 2026 1440 2109 suggestione
1506 2045 1589 2087 an
1635 2021 2085 2106 delectatione,
2142 2024 2272 2107 uel,
2337 2023 2515 2109 quod

378 2115 583 2179 maius
616 2122 731 2198 est,
780 2116 1031 2202 peccati
1063 2135 1378 2179 consensu
1410 2110 1735 2178 acciderit.
1818 2111 2058 2178 Tribus
2092 2113 2260 2177 enim
2301 2111 2513 2177 modis

376 2204 678 2291 impletur
721 2225 911 2268 omne
956 2212 1322 2291 peccatum,
1387 2200 1688 2267 uidelicet
1734 2204 2183 2287 suggestione,
2233 2201 2509 2268 delecta·

375 2296 568 2375 tione,
618 2314 948 2358 consensu.
1043 2289 1395 2378 Suggestio
1442 2293 1681 2377 quippe
1728 2290 1801 2355 fit
1846 2314 1965 2378 per
2010 2290 2356 2372 diabolum,
2404 2290 2513 2355 de-

375 2382 633 2446 lectatio
698 2404 815 2467 per
879 2404 1171 2465 carnem,
1235 2403 1584 2446 consensus
1647 2402 1765 2466 per
1828 2382 2153 2466 spiritum:
2226 2382 2377 2467 quia
2442 2390 2513 2445 et

375 2472 652 2557 primam
717 2471 969 2557 culpam
1037 2492 1299 2558 serpens
1361 2471 1719 2556 suggessit,
1786 2469 1932 2534 Eua
1977 2470 2158 2534 uelut
2202 2492 2352 2534 caro
2398 2467 2509 2533 de-

377 2560 616 2625 lectata
679 2568 808 2641 est,
866 2559 1079 2625 Adam
1135 2583 1288 2624 uero
1335 2560 1515 2624 uelut
1562 2560 1821 2645 spiritus
1868 2560 2216 2623 consensit:
2287 2567 2352 2622 et
2396 2581 2509 2623 ne·

377 2651 656 2715 cessaria
701 2659 798 2713 est
841 2672 1081 2734 magna
1127 2648 1449 2732 diseretio,
1498 2658 1569 2712 ut
1600 2650 1770 2713 inter
1798 2652 2283 2733 suggestionem
2315 2656 2511 2732 atque

376 2737 897 2819 delectationem,
963 2741 1132 2803 inter
1195 2737 1688 2802 delectationem
1750 2746 1815 2801 et
1872 2758 2253 2801 consensum
2310 2737 2513 2800 iudex

377 2828 475 2890 sui
503 2828 753 2890 animus
785 2825 1166 2914 praesideat.
1239 2826 1404 2892 Cum
1438 2827 1608 2891 enim
1638 2826 1957 2910 malignus
1990 2828 2252 2912 spiritus
2282 2846 2509 2910 pecca·

375 2925 516 2980 tum
548 2918 838 3000 suggerit
869 2917 934 2980 in
963 2926 1199 3000 mente,
1228 2918 1282 2980 si
1314 2916 1488 2980 nulla
1520 2916 1770 3001 peccati
1800 2912 2141 2980 delectatio
2181 2924 2507 3000 sequatur,

376 3014 714 3091 peccatum
761 3005 1123 3070 omnimodo
1171 3014 1615 3092 perpetratum
1663 3027 1794 3068 non
1826 3013 1954 3087 est3
2004 3026 2150 3068 cum
2197 3025 2352 3067 uero
2399 3003 2509 3068 de—

374 3095 601 3159 lectari
667 3117 816 3159 caro
881 3096 1192 3182 coeperit,
1257 3104 1414 3158 111116
1482 3102 1820 3181 peccatum
1869 3094 2114 3186 'incipit
2180 3093 2384 3156 nasci:
2452 3094 2509 3156 si

375 3194 592 3249 autem
655 3186 849 3249 etiam
911 3205 993 3247 ex
1037 3182 1497 3250 deliberatione
1545 3184 1891 3247 consentit:
1952 3190 2107 3246 tunc
2166 3190 2507 3267 peccatum

377 3274 783 3359 cognoscitur
827 3272 1069 3359 perfici.
1147 3271 1226 3336 In
1257 3274 1672 3357 suggestione
1718 3272 1921 3356 igitur.
1966 3273 2215 3358 peccati
2254 3270 2509 3333 initium

375 3372 493 3444 est,
542 3363 610 3427 in
640 3362 1065 3427 delectatione
1093 3360 1167 3426 fit
1197 3364 1679 3443 nutrimentum,
1726 3362 1793 3424 in
1826 3382 2139 3425 consensu
2170 3359 2502 3445 perfectio.

374 3452 464 3515 Et
507 3473 698 3538 saepe
746 3453 1078 3535 contingit,
1125 3459 1198 3515 ut
1240 3449 1383 3533 hoc,
1433 3447 1601 3537 quod
1647 3450 1967 3533 malignus
2015 3450 2273 3535 spiritus
2320 3448 2507 3512 semi-

374 3551 488 3605 nat
546 3542 616 3605 in
676 3542 1095 3625 cogitatione,
1165 3562 1312 3604 caro
1378 3542 1444 3603 in
1508 3538 1999 3604 delectationem
2069 3535 2314 3601 trahat:
2386 3558 2507 3601 nec

373 3640 592 3694 tamen
638 3632 850 3693 anima
897 3627 1103 3694 eidem
1152 3628 1561 3693 delectationi
1602 3630 1976 3692 consentiat.
2055 3627 2142 3691 Et
2176 3648 2321 3690 cum
2354 3648 2523 3689 caro·

375 3719 696 3785 delectare
741 3720 878 3783 sine
926 3720 1138 3783 animo
1183 3726 1489 3805 nequeat,
1546 3719 1684 3804 ipse
1730 3726 1947 3782 tamen
1995 3718 2246 3780 animus
2292 3716 2505 3779 carnis

376 3808 814 3895 uoluptatibus
855 3808 1193 3893 reluctans,
1236 3809 1300 3870 in
1333 3806 1758 3875 delectatione
1790 3806 2031 3871 carnali
2072 3804 2284 3892 aliquo
2316 3802 2505 3868 modo
