2723 4326
340 171 465 235 168
2252 171 2378 224 1111.
2414 173 2483 227 3-

335 369 462 434 quo
494 369 697 433 usque
743 343 933 411 hodie
978 347 1274 413 instituta
1306 348 1391 413 ab
1423 348 1564 434 ipso
1609 347 1931 432 regularis
1974 349 2149 412 uitae
2194 350 2483 434 uestigia

334 444 734 522 permanent.

512 524 762 590 Habuit
821 535 1038 590 autem
1099 522 1320 589 sedem
1382 525 1815 612 episcopalem
1858 526 1927 589 in
1969 525 2143 609 loco,
2206 527 2315 611 qui
2359 549 2473 590 uo-

337 623 519 679 catur
563 613 1002 700 Lyccidfelth,
1066 615 1134 677 in
1181 635 1305 700 quo
1352 622 1420 679 et
1465 613 1809 679 defunctus
1866 636 1944 678 ac
2004 613 2291 700 sepultus
2338 625 2472 700 est3

337 704 448 769 ubi
493 726 696 789 usque
739 701 930 768 hodie
975 704 1381 789 sequentium
1428 724 1682 789 quoque
1728 705 2102 790 prouinciae
2134 703 2303 768 illius
2332 707 2477 790 epi-

338 815 678 880 scoporum
733 792 916 858 sedes
971 802 1086 857 est.
1179 792 1456 858 Fecerat
1508 815 1664 856 uero
1720 792 1845 857 sibi
1898 794 2297 858 mansionem
2340 815 2475 858 non

336 883 530 967 longe
576 882 660 947 ab
707 881 980 947 ecclesia
1024 883 1468 966 remotiorem;
1516 883 1583 945 in
1622 903 1749 968 qua
1794 883 2103 947 secretius
2135 904 2282 946 cum
2314 905 2469 969 pau-

337 972 457 1055 cis,
506 970 575 1035 id
620 980 717 1036 est
760 970 900 1036 VII
944 973 1080 1035 siue
1125 969 1314 1056 VHI,
1361 970 1701 1055 fratribus,
1758 972 2008 1056 quoties
2054 993 2095 1034 a
2139 971 2360 1036 labore
2407 981 2477 1036 et

337 1062 694 1126 ministerio
758 1060 944 1126 uerbi
1000 1060 1303 1144 uacabat,
1366 1081 1549 1124 orare
1596 1083 1672 1124 ac
1718 1059 1935 1144 legere
1982 1060 2247 1124 solebat.
2342 1057 2476 1138 Qui

341 1172 487 1214 cum
534 1152 598 1214 in
643 1150 751 1214 illa
795 1151 1128 1236 prouincia
1173 1147 1422 1214 duobus
1471 1150 1654 1213 annis
1700 1171 1778 1212 ac
1824 1147 2087 1214 dimidio
2135 1149 2477 1213 ecclesiam

339 1241 796 1324 gloriosissime
841 1239 1135 1321 rexisset,
1182 1237 1393 1302 adfuit
1439 1260 1720 1324 superno
1767 1237 2181 1324 dispensante
2236 1236 2481 1302 iudicio

338 1338 614 1416 tempus,
648 1327 728 1393 de
762 1350 886 1414 quo
917 1326 1199 1413 loquitur
1228 1326 1655 1392 Ecclesiastes
1690 1324 1780 1412 (3,
1804 1327 1892 1410 5),
1931 1329 2110 1412 quia:
2160 1324 2480 1414 ‘Tempus

343 1416 638 1481 mittendi
680 1415 925 1502 lapides
975 1426 1039 1480 et
1083 1426 1336 1502 tempus
1385 1416 1770 1501 colligendi.'
1864 1413 2253 1503 Superuenit
2299 1438 2479 1480 nam-

341 1528 467 1592 que
514 1504 728 1570 clades
760 1506 1064 1571 diuinitus
1117 1507 1332 1586 missa,
1384 1527 1548 1591 quae
1580 1528 1696 1591 per
1726 1513 2005 1568 mortem
2036 1506 2245 1568 carnis
2290 1507 2479 1569 uiuos

341 1595 652 1661 ecclesiae
699 1593 943 1682 lapides
974 1592 1056 1659 de
1085 1596 1357 1659 terrenis
1391 1594 1648 1660 sedibus
1680 1594 1764 1658 ad
1794 1591 2155 1659 aedificium
2200 1593 2485 1659 caeleste

339 1684 737 1748 transferret.
833 1681 1125 1769 Cumque
1191 1683 1483 1770 plurimis
1546 1683 1627 1748 de
1689 1682 1961 1748 ecclesia
2029 1682 2315 1747 eiusdem
2372 1705 2472 1747 re-

341 1774 773 1839 uerentissimi
831 1774 1133 1837 antistitis
1193 1773 1273 1838 de
1331 1795 1525 1838 carne
1585 1773 1927 1837 subtractis
1994 1773 2247 1836 ueniret
2315 1770 2484 1836 hora

340 1865 561 1948 ipsius,
610 1871 683 1926 ut
726 1863 1031 1926 transiret
1079 1883 1160 1926 ex
1205 1861 1327 1926 hoc
1374 1861 1609 1926 mundo
1656 1862 1739 1927 ad
1784 1860 2140 1945 dominum,
2204 1861 2479 1944 contigit

343 1949 451 2015 die
497 1950 793 2035 quadam,
842 1960 912 2014 ut
957 1952 1021 2014 in
1068 1951 1364 2036 praefata
1409 1952 1740 2015 mansione
1786 1951 1953 2015 forte
1984 1952 2125 2036 ipse
2169 1972 2318 2014 cum
2347 1973 2479 2015 uno

341 2048 591 2105 tantum
639 2040 859 2122 fratre,
907 2041 1012 2104 eui
1058 2040 1444 2104 uocabulum
1490 2048 1629 2103 erat
1677 2039 1893 2124 Ouini,
1942 2048 2476 2123 commoraretur,

342 2129 576 2195 ceteris
632 2131 768 2194 eius
825 2131 1012 2194 sociis
1064 2152 1184 2217 pro
1241 2150 1436 2195 causa
1492 2138 1807 2216 oportuna
1862 2127 1944 2194 ad
1991 2129 2329 2195 ecclesiam
2378 2151 2479 2193 re—

344 2221 568 2285 uersis.
657 2219 821 2283 Erat
868 2228 1085 2283 autem
1128 2216 1301 2283 idem
1348 2219 1547 2286 Ouini
1592 2217 1944 2284 monachus
1991 2220 2215 2304 magni
2261 2220 2481 2283 meriti

346 2318 414 2374 et
457 2331 621 2396 pura
663 2309 1018 2373 intentione
1073 2329 1393 2394 supernae
1446 2310 1888 2373 retributionis
1942 2306 2253 2372 mundum
2298 2306 2476 2372 dere·

345 2398 667 2483 linquens,
729 2396 1088 2484 dignusque
1134 2419 1250 2483 per
1297 2399 1539 2480 omnia,
1603 2399 1704 2461 cui
1758 2397 2054 2462 dominus
2114 2396 2487 2482 specialiter

347 2510 463 2551 sua
492 2487 815 2551 reuelaret
861 2509 1112 2568 areana,
1160 2485 1415 2572 dignuS,
1465 2488 1568 2551 cui
1598 2484 1796 2551 fidem
1826 2487 2116 2551 narranti
2146 2483 2489 2551 audientes

348 2573 928 2641 accommodarent.
1020 2572 1310 2639 Venerat
1365 2577 1535 2641 enim
1590 2598 1735 2639 cum
1780 2577 2009 2661 regina
2052 2572 2485 2661 Aedilthryde

349 2664 431 2730 de
475 2666 809 2751 prouincia
855 2662 1285 2731 Orientalium
1326 2663 1709 2749 Anglorum,
1760 2673 2025 2750 eratque
2069 2666 2316 2750 primus
2360 2664 2481 2727 mi-

347 2756 695 2818 nistrorum
744 2763 806 2818 et
859 2756 1158 2840 princeps
1222 2752 1448 2817 domus
1510 2755 1663 2817 eius.
1758 2752 1887 2831 Qui
1946 2774 2093 2818 cum
2152 2762 2489 2818 crescente

348 2840 498 2905 fidei
565 2841 821 2907 feruore
890 2843 1141 2907 saeculo
1197 2843 1653 2907 abrenuntiare
1722 2840 2119 2929 disponeret,
2186 2863 2314 2905 non
2360 2839 2485 2905 hoc

349 2931 633 3017 segniter
679 2932 862 3015 fecit3
912 2929 1025 2996 sed
1077 2930 1237 2996 adeo
1269 2953 1339 2997 se
1371 2932 1595 2996 mundi
1638 2931 1829 2996 rebus
1878 2933 2076 3015 exuit,
2122 2940 2196 2995 ut
2239 2930 2487 2994 relictis

351 3020 672 3104 omnibUS,
743 3042 909 3107 quae
954 3019 1265 3104 habebat,
1337 3021 1611 3107 simplici
1653 3030 1907 3085 tantum
1952 3020 2175 3084 habitu
2218 3017 2487 3084 indutus

351 3120 417 3176 et
463 3111 738 3175 securim
784 3119 979 3195 atque
1025 3111 1267 3175 asciam
1311 3112 1380 3174 in
1425 3131 1619 3174 manu
1664 3110 1875 3173 ferens
1920 3110 2171 3175 ueniret
2216 3106 2297 3173 ad
2345 3130 2480 3173 mo-

349 3202 703 3265 nasterium
766 3197 1049 3263 eiusdem
1114 3199 1617 3263 reuerentissimi
1685 3200 1920 3286 patria,
1993 3195 2162 3284 quod
2210 3206 2489 3262 uocatur

350 3286 805 3374 Laestingaeu.
897 3286 1046 3352 Non
1107 3290 1278 3353 enim
1337 3286 1419 3352 ad
1480 3288 1710 3371 otium,
1771 3297 1843 3351 ut
1889 3286 2178 3373 quidam,
2240 3286 2356 3351 sed
2401 3284 2485 3349 ad

349 3377 636 3443 laborem
686 3401 756 3442 se
801 3379 1256 3442 monasterium
1312 3379 1556 3441 intrare
1612 3376 1932 3461 signabat.
2024 3373 2213 3453 Quod
2268 3376 2484 3461 ipsum

353 3468 548 3533 etiam
607 3468 779 3533 facto
839 3468 1250 3530 monstrauit:
1311 3488 1464 3531 nam
1512 3487 1637 3551 quo
1685 3467 1896 3530 minus
1945 3463 2305 3529 sufficiebat
2350 3485 2482 3527 me-

351 3554 645 3620 ditationi
689 3557 1171 3641 scripturarum,
1221 3577 1296 3620 eo
1327 3554 1603 3641 amplius
1635 3557 1812 3641 operi
1844 3575 2149 3620 manuum
2197 3552 2485 3617 studium

350 3643 758 3729 inpendebat.
823 3644 1124 3730 Denique
1173 3665 1317 3708 cum
1366 3646 1667 3731 episcopo
1715 3645 1780 3707 in
1810 3643 2107 3732 praefata
2150 3643 2484 3707 mansione

353 3753 472 3817 pro
519 3754 671 3796 suae
713 3736 1079 3797 reuerentia
1124 3731 1481 3797 deuotionis
1526 3735 1695 3797 inter
1738 3732 1973 3798 fratres
2010 3731 2286 3815 habitus,
2336 3752 2483 3795 cum

353 3819 446 3883 illi
505 3820 675 3883 intus
733 3820 991 3886 lectioni
1047 3822 1398 3905 uacabant,
1462 3824 1600 3909 ipse
1648 3821 1833 3907 foria,
1896 3844 2061 3908 quae
2121 3842 2280 3907 opus
2342 3840 2485 3884 esse
