2723 4326
447 182 533 245 74
2307 180 2379 236 11.
2418 179 2586 235 5—6.

447 359 686 424 habere
748 360 1069 441 nouimUS,
1139 356 1252 423 sed
1315 367 1532 424 tamen
1596 382 1764 445 pane
1832 359 1939 423 illo
2003 356 2183 422 refici
2238 358 2589 422 uolumus!

450 446 742 533 Cumque
797 448 1142 532 diligenter
1197 470 1273 512 ac
1319 470 1513 533 saepe
1560 448 1641 513 ab
1689 448 1796 513 illo
1852 456 2065 513 essent
2119 446 2428 511 admoniti
2473 468 2587 509 ne-

451 558 770 624 quaquam
830 536 969 601 fieri
1028 559 1243 623 posse,
1307 547 1381 600 ut
1426 538 1669 623 absque
1728 537 2115 623 purgatione
2174 544 2593 601 sacrosancta

450 628 592 713 quis
661 626 967 690 oblationi
1031 634 1479 690 sacrosanctae
1548 628 2081 706 communicaret,
2152 625 2235 689 ad
2287 626 2593 689 ultimum

450 718 668 781 furore
733 716 1034 779 commoti
1097 716 1383 780 aiebant:
1454 713 1547 781 ‘Si
1591 737 1719 779 non
1765 717 1864 780 uis
1921 714 2243 779 adsentire
2286 714 2475 778 nobis
2521 715 2593 776 in

449 815 585 870 tam
614 803 786 868 facili
817 826 1030 887 causa,
1081 825 1275 889 quam
1322 806 1621 889 petimuS,
1670 826 1796 868 non
1833 804 2076 891 poteris
2108 804 2237 867 iam
2268 803 2334 866 in
2365 810 2595 867 nostra

451 894 784 981 prouincia
829 891 1188 957 demorari!
1252 892 1342 957 Et
1389 893 1773 980 expulerunt
1820 914 1966 957 eum
2004 914 2080 956 ac
2112 890 2191 955 de
2222 914 2337 956 suo
2382 912 2592 975 regno

454 1005 602 1048 cum
651 984 780 1046 suis
827 982 1009 1047 abire
1053 983 1396 1046 iusserunt.

630 1068 758 1149 Qui
817 1071 1120 1157 expulsus
1179 1070 1328 1134 inde
1390 1072 1569 1133 uenit
1629 1067 1929 1134 Cantiam
1988 1077 2379 1134 tractaturus
2442 1091 2597 1133 cum

454 1160 804 1225 Laurentio
838 1170 900 1223 et
931 1158 1110 1223 Iusto
1157 1160 1571 1246 coepiscopis,
1622 1157 1773 1244 quid
1804 1161 1873 1223 in
1901 1157 1999 1221 his
2032 1168 2201 1223 esset
2239 1154 2592 1242 agendum.

455 1249 940 1333 Decretumque
987 1257 1084 1312 est
1129 1250 1452 1312 communi
1499 1246 1781 1332 consilio,
1840 1249 1991 1334 quia
2036 1248 2234 1311 satius
2282 1255 2473 1329 esset,
2521 1256 2599 1310 ut

457 1358 678 1403 omnes
723 1339 1003 1423 patriam
1046 1334 1387 1400 redeuntes
1434 1336 1639 1402 libera
1667 1337 1758 1402 ibi
1804 1345 2021 1401 mente
2065 1335 2326 1401 domino
2374 1335 2593 1400 deser-

457 1429 695 1510 uirent,
766 1447 961 1510 quam
1023 1426 1191 1490 inter
1259 1426 1533 1491 rebelles
1597 1424 1747 1489 fidei
1812 1426 2123 1490 barbaros
2183 1426 2321 1489 sine
2378 1424 2602 1488 fructu

455 1514 829 1581 residerent.
921 1515 1295 1580 Discessere
1355 1516 1576 1600 itaque
1638 1516 1847 1600 primo
1908 1512 2194 1579 Mellitus
2252 1536 2330 1577 ac
2373 1513 2600 1577 Iustus

458 1616 649 1691 atque
695 1603 777 1668 ad
821 1613 1039 1689 partes
1085 1601 1339 1669 Galliae
1388 1626 1785 1684 successere,
1845 1604 1938 1668 ibi
1982 1624 2198 1667 rerum
2245 1601 2438 1666 finem
2487 1624 2599 1665 ex-

459 1703 752 1781 spectare
798 1693 1227 1779 disponentes.
1293 1690 1427 1758 Sed
1471 1714 1600 1756 non
1645 1692 1848 1757 multo
1896 1701 2209 1778 tempore,
2259 1693 2369 1777 qui
2407 1713 2602 1777 prae-

460 1806 685 1849 conem
732 1804 770 1846 a
817 1804 884 1846 se
930 1783 1222 1846 ueritatis
1270 1782 1671 1868 expulerant,
1720 1779 2108 1845 daemonicis
2156 1780 2432 1845 cultibus
2478 1782 2601 1844 im-

460 1894 630 1958 pune
677 1871 1063 1939 seruiebant.
1129 1869 1302 1937 Nam
1349 1872 1593 1954 egressi
1626 1879 1851 1935 contra
1880 1879 2139 1954 gentem
2172 1867 2602 1935 Geuissorum

462 1964 527 2026 in
573 1959 916 2047 proelium,
980 1982 1198 2024 omnes
1258 1961 1503 2046 pariter
1562 1980 1709 2023 cum
1768 1980 1882 2023 sua
1940 1959 2172 2023 militia
2218 1967 2603 2023 corruerunt

462 2072 600 2133 nec,
648 2050 800 2114 licet
840 2050 1207 2113 auctoribus
1252 2045 1543 2135 perditis,
1592 2048 1941 2113 excitatum
1974 2046 2057 2111 ad
2088 2049 2333 2113 scelera
2362 2047 2603 2133 uulgus

462 2140 670 2225 potuit
723 2139 1036 2222 recorrigi
1083 2146 1274 2224 atque
1325 2135 1409 2201 ad
1455 2136 1932 2224 simplicitatem
1979 2136 2132 2203 fidei
2180 2146 2243 2202 et
2292 2138 2601 2222 caritatis,

465 2251 630 2314 quae
679 2238 776 2293 est
820 2230 884 2292 in
933 2226 1208 2310 Christo,
1256 2229 1569 2291 reuocari.

1509 2459 1568 2522 6.

467 2618 547 2674 Vt
608 2615 936 2685 correptus
1011 2616 1087 2672 ab
1149 2615 1435 2684 apostolo
1498 2615 1690 2669 Petro
1751 2614 2127 2670 Laurentius
2188 2611 2614 2670 Aeodbaldum

468 2720 679 2774 regem
714 2705 792 2761 ad
818 2704 1132 2760 Christum
1171 2702 1588 2770 conuerterit,
1631 2703 1738 2771 qui
1775 2717 1917 2758 mox
1941 2702 2250 2758 mellitum
2276 2707 2340 2758 et
2364 2703 2614 2758 Iustum

1015 2793 1091 2849 ad
1129 2792 1613 2862 praedicandum
1648 2791 2071 2847 reuocauerit.

654 2937 818 3002 Cum
880 2959 1030 3001 uero
1079 2947 1143 3002 et
1187 2937 1578 3001 Laurentius
1623 2933 1944 2999 Mellitum
1989 2934 2367 3021 Iustumque
2428 2957 2614 3000 secu·

475 3037 655 3092 turus
689 3049 764 3092 ac
795 3025 1185 3092 Brittaniam
1232 3035 1403 3090 esset
1447 3025 1803 3106 relicturus,
1852 3025 2041 3088 iussit
2081 3027 2224 3111 ipsa
2254 3025 2378 3090 sibi
2421 3035 2616 3090 nocte

473 3119 541 3180 in
589 3116 860 3180 ecclesia
905 3116 1241 3180 beatorum
1286 3114 1725 3200 apostolorum
1770 3112 1949 3177 Petri
1996 3122 2061 3178 et
2107 3114 2310 3197 Pauli,
2359 3110 2437 3177 de
2485 3135 2620 3199 qua

475 3207 848 3290 frequenter
876 3207 1006 3270 iam
1037 3204 1334 3285 diximus,
1385 3211 1657 3266 stratum
1702 3204 1942 3287 parari3
1993 3203 2058 3266 in
2093 3224 2237 3288 quo,
2287 3224 2434 3266 cum
2466 3213 2620 3288 post

477 3296 712 3359 multas
767 3316 992 3380 preces
1039 3315 1114 3356 ac
1158 3293 1455 3356 lacrimas
1500 3290 1585 3355 ad
1629 3290 1961 3354 dominum
2016 3313 2133 3376 pro
2188 3300 2361 3356 statu
2411 3291 2617 3358 eccle-

480 3385 612 3448 siae
670 3382 845 3446 fusas
899 3383 982 3449 ad
1029 3378 1488 3466 quiescendum
1539 3379 1834 3443 membra
1892 3382 2210 3465 posuisset
2263 3389 2459 3466 atque
2508 3382 2620 3446 ob-

482 3471 850 3552 dormisset,
914 3471 1214 3557 apparuit
1261 3471 1318 3533 ei
1366 3469 1775 3534 beatissimus
1834 3469 2266 3554 apostolorum
2312 3471 2621 3556 princeps

483 3571 548 3626 et
579 3561 778 3625 multo
809 3560 987 3624 illum
1033 3569 1321 3644 ternpore
1369 3567 1655 3622 secretae
1700 3557 1905 3620 noctis
1951 3556 2224 3641 flagellis
2270 3559 2621 3623 artioribus

484 3647 770 3715 afficiens
802 3648 1248 3713 sciscitabatur
1271 3644 1623 3732 apostolica
1645 3643 2063 3728 districtione,
2098 3668 2296 3731 quare
2322 3668 2620 3732 gregem,

488 3759 678 3824 quem
724 3738 846 3801 sibi
891 3740 1029 3824 ipse
1074 3734 1463 3818 crediderat,
1520 3735 1936 3819 relinqueret,
1985 3734 2090 3800 uel
2136 3736 2239 3800 cui
2283 3745 2622 3821 pastorum

489 3849 640 3891 oues
688 3825 928 3891 Christi
973 3827 1040 3888 in
1097 3825 1308 3889 medio
1368 3823 1663 3910 luporum
1728 3824 1966 3908 positas
2030 3824 2285 3908 fugiens
2343 3827 2483 3911 ipse
2531 3824 2625 3890 di-
