2723 4326
391 224 434 286 4
2335 225 2517 277 Praef.

451 1053 751 1118 INCIPIT
793 1057 1246 1118 PRAEFATIO
1288 1057 1833 1146 PRAESBY'I'ERI
1875 1059 1986 1118 AD
2029 1059 2457 1119 ALOVINVM

1250 1174 1657 1234 ABBATVM.

392 1403 950 1464 Desiderantissimo
996 1407 1056 1463 et
1095 1403 1576 1463 reuerentissimo
1618 1405 1780 1480 patri
1822 1404 2043 1465 Albino
2084 1405 2250 1465 Beda
2292 1403 2523 1466 Christi

1164 1502 1431 1562 famulus
1472 1503 1747 1561 salutem.

553 1669 1013 1730 Gratantissime
1064 1671 1294 1747 suscepi
1343 1671 1703 1730 munuscula
1750 1674 1893 1729 tuae
1934 1670 2297 1744 dilectionis,
2354 1692 2523 1748 quae

392 1771 497 1828 per
549 1751 954 1810 uenerabilem
1008 1751 1258 1810 fratrem
1313 1755 1588 1810 nostrum
1643 1750 2034 1810 Nothelmum
2090 1752 2521 1828 presbyterum

391 1833 631 1890 mittere
681 1832 966 1909 dignatus
1009 1851 1095 1902 eS‚
1141 1835 1201 1890 et
1241 1832 1499 1890 maxime
1539 1832 1809 1902 litteras,
1867 1831 2087 1907 quibus
2128 1853 2223 1890 me
2264 1833 2389 1892 iam
2434 1852 2521 1892 se·

391 1911 588 1971 cunda
638 1912 770 1970 uice
811 1913 874 1969 in
917 1911 1312 1971 ecclesiastica
1351 1912 1549 1988 gentis
1590 1915 1829 1971 nostrae
1870 1911 2149 1983 historia,
2205 1912 2281 1971 ad
2324 1933 2520 1988 quam

392 2013 486 2050 me
514 1991 886 2051 scribendam
913 1991 1270 2050 iamdudum
1305 1991 1725 2070 instigaueras,
1769 1992 1972 2051 creber
2000 1992 2294 2052 adiuuare
2326 1995 2523 2070 atque

391 2073 706 2132 instituere
761 2072 1005 2132 curasti.
1081 2071 1336 2148 Propter
1388 2073 1549 2148 quod
1592 2076 1651 2131 et
1689 2073 1815 2148 ipse
1854 2072 1970 2130 tibi
2010 2072 2335 2132 rectissime
2381 2093 2520 2132 ean-

391 2152 526 2212 dem
567 2153 882 2213 historiam
899 2200 912 2225 ,
969 2172 1107 2212 mox
1148 2155 1221 2211 ut
1262 2172 1674 2212 consummare
1715 2153 1920 2229 potui,
1966 2152 2041 2212 ad
2082 2153 2521 2213 transscriben-

391 2235 534 2293 dum
576 2235 795 2295 remisi.
865 2234 978 2293 Sed
1007 2237 1067 2293 et
1095 2233 1279 2304 aliud,
1325 2234 1487 2308 quod
1520 2236 1581 2292 te
1609 2234 1834 2310 partim
1862 2233 2197 2292 desiderare
2227 2236 2514 2310 comperi,

390 2315 677 2374 uolumen
729 2314 846 2374 tibi
886 2315 1019 2374 uice
1062 2314 1564 2373 remunerationis
1606 2333 1795 2390 aeque
1839 2313 1915 2372 ad
1958 2313 2519 2373 transscribendum

392 2395 709 2466 destinaui,
753 2395 1034 2454 uidelicet
1072 2394 1242 2463 illud,
1287 2395 1452 2469 quod
1492 2394 1564 2453 de
1601 2398 1911 2453 structura
1938 2394 2149 2470 templi
2178 2394 2522 2454 Salomonis

393 2479 575 2552 atque
637 2476 959 2551 allegorica
1023 2475 1150 2533 eius
1211 2474 1708 2550 interpretatione
1769 2494 1959 2550 nuper
2014 2474 2193 2532 edidi.
2292 2474 2520 2550 Teque,

394 2556 801 2616 amantissime
856 2559 1057 2632 pater,
1114 2555 1363 2631 supplex
1419 2555 1683 2626 obsecr0,
1735 2558 1809 2613 ut
1848 2574 1957 2630 pro
2000 2573 2133 2612 mea
2174 2554 2522 2631 fragilitate

391 2656 526 2696 cum
568 2636 678 2707 his,
724 2635 830 2711 qui
870 2632 1069 2695 tecum
1111 2639 1270 2707 sunt,
1315 2634 1562 2695 famulis
1592 2633 1813 2694 Christi
1856 2634 2016 2711 apud
2054 2634 2222 2710 pium
2251 2633 2522 2694 iudicem

391 2717 632 2775 sedulus
681 2716 1042 2775 intercedere
1096 2716 1466 2786 memineris;
1518 2715 1620 2775 sed
1675 2718 1735 2775 et
1790 2732 1913 2786 eOS,
1972 2714 2048 2773 ad
2100 2733 2251 2789 quos
2306 2714 2523 2773 eadem

390 2799 599 2855 nostra
641 2798 929 2872 opuscula
969 2796 1280 2873 peruenire
1321 2795 1554 2867 feceris,
1598 2796 1709 2855 hoc
1748 2795 1906 2852 idem
1948 2794 2142 2853 facere
2184 2796 2521 2855 monueris.

391 2876 550 2935 Bene
591 2877 746 2948 uale,
791 2896 1020 2953 semper
1063 2876 1472 2935 amantissime
1513 2876 1576 2934 in
1619 2874 1854 2934 Christo
1894 2878 2066 2951 pater
2108 2874 2351 2951 optime.
