2723 4326
396 222 480 287 68
2258 219 2328 273 11.
2366 220 2530 275 2—3-

396 400 649 485 glorum
694 397 1078 463 fortissimus
1122 395 1444 463 Aedilfrid
1500 396 1765 463 collecto
1822 396 2053 482 grandi
2108 398 2399 463 exercitu
2444 396 2533 461 ad

398 489 723 553 ciuitatem
770 486 1150 572 Legionum,
1198 508 1365 574 quae
1396 508 1435 551 a
1466 496 1664 569 gente
1693 485 2056 571 Anglorum
2086 485 2530 571 Legacaestir,

395 600 436 643 a
478 575 893 642 Brettonibus
938 585 1151 641 autem
1195 577 1435 642 rectius
1478 573 1825 661 Carlegion
1871 574 2259 663 appellatur,
2322 576 2530 639 maxi-

395 688 569 731 mam
599 666 810 751 gentis
841 663 1122 751 perfidae
1153 673 1440 751 stragem
1487 660 1684 729 dedit.
1755 663 2048 751 Cumque
2080 664 2319 729 bellum
2348 673 2531 730 actu-

393 778 504 821 rus
547 753 798 819 uideret
843 754 1207 819 sacerdotes
1253 776 1508 837 eorum,
1581 755 1691 839 qui
1734 753 1820 819 ad
1877 751 2275 819 exorandum
2334 751 2533 819 deum

394 866 514 931 pro
558 842 765 909 milite
807 843 1048 908 bellum
1095 851 1331 928 agente
1380 852 1827 928 conuenerant,
1876 865 2163 908 seorsum
2196 845 2263 907 in
2294 844 2534 907 tutiore

395 934 536 998 loco
583 934 952 1017 consistere,
1000 932 1471 1015 sciscitabatur,
1519 932 1626 1017 qui
1659 939 1873 997 essent
1901 932 1990 1018 hi,
2040 930 2276 1018 quidue
2321 932 2534 995 acturi

395 1022 504 1087 illo
551 1022 1017 1088 conuenissent.
1093 1019 1300 1085 Erant
1345 1030 1564 1085 autem
1609 1021 1868 1107 plurimi
1915 1043 2135 1087 eorum
2183 1019 2265 1086 de
2311 1042 2535 1085 mona·

396 1112 590 1177 sterio
638 1110 921 1194 Bancor,
987 1111 1052 1173 in
1098 1129 1226 1195 quo
1269 1119 1493 1175 tantus
1546 1110 1750 1175 fertur
1805 1110 2002 1175 fuisse
2047 1132 2351 1176 numerus
2395 1131 2533 1174 mo·

394 1199 763 1283 nachorum,
811 1207 905 1280 ut,
953 1220 1097 1262 cum
1118 1200 1186 1262 in
1205 1196 1342 1262 VH
1363 1200 1689 1285 portiones
1736 1208 1908 1265 esset
1952 1222 2099 1264 cum
2144 1200 2533 1286 praepositis

397 1288 521 1354 sibi
565 1286 921 1354 rectoribus
965 1290 1427 1352 monasterium
1472 1288 1769 1372 diuisum,
1821 1287 1999 1354 nulla
2043 1287 2272 1353 harum
2318 1289 2533 1374 portio

396 1380 605 1443 minus
663 1398 858 1463 quam
915 1383 1237 1441 trecentos
1293 1376 1585 1443 homines
1644 1377 1941 1463 haberet,
2005 1379 2115 1463 qui
2173 1398 2391 1441 omnes
2449 1375 2533 1442 de

394 1467 619 1532 labore
677 1486 983 1529 manuum
1042 1486 1302 1530 suarum
1364 1467 1585 1533 uiuere
1648 1466 1957 1532 solebant.
2050 1465 2307 1530 Horum
2369 1488 2531 1551 ergo

395 1556 657 1643 plurimi
714 1552 796 1619 ad
854 1563 1278 1620 memoratam
1340 1556 1548 1620 aciem
1609 1565 1875 1641 peracto
1932 1557 2169 1621 ieiunio
2230 1553 2531 1620 triduano

397 1667 543 1711 cum
587 1642 730 1710 aliis
777 1642 1003 1708 orandi
1048 1665 1242 1709 causa
1287 1652 1722 1709 conuenerant
1764 1644 2079 1709 habentes
2125 1643 2533 1709 defensorem

395 1735 652 1799 nomine
695 1731 1131 1798 Brocmailum
1144 1781 1164 1815 ,
1234 1734 1345 1819 qui
1392 1754 1504 1797 eos
1548 1734 1828 1798 intentos
1873 1734 2169 1819 precibus
2215 1756 2256 1798 a
2299 1733 2532 1798 barba-

393 1845 613 1887 rorum
659 1821 892 1907 gladiis
937 1830 1328 1907 protegeret.
1392 1819 1682 1900 Quorum
1728 1844 1989 1888 causam
2033 1822 2349 1888 aduentus
2382 1844 2533 1887 cum

395 1911 817 1977 intellexisset
861 1931 979 1974 rex
1021 1907 1363 1992 Aedilfrid,
1411 1912 1532 1976 ait:
1583 1910 1783 1995 ‘Ergo
1826 1913 1880 1976 si
1926 1910 2266 1977 aduersum
2298 1934 2413 1976 nos
2446 1911 2533 1976 ad

397 1999 589 2065 deum
635 2021 818 2064 suum
865 2000 1161 2085 clamant,
1211 2000 1499 2085 profecto
1546 2008 1613 2065 et
1642 2001 1787 2086 ipsi,
1834 2002 2131 2087 quamuis
2176 2022 2357 2066 arma
2400 2022 2533 2065 non

395 2089 632 2175 ferant,
691 2097 914 2155 contra
955 2110 1071 2153 nos
1116 2096 1438 2177 pugnant,
1497 2090 1606 2176 qui
1651 2088 1939 2155 aduersis
1984 2112 2102 2156 nos
2147 2090 2534 2177 inprecatio-

395 2180 582 2244 nibus
644 2181 1108 2266 persecuntur.’
1199 2176 1430 2264 Itaque
1484 2180 1549 2242 in
1608 2178 1725 2244 hos
1784 2181 2064 2266 primum
2122 2201 2305 2245 arma
2362 2181 2536 2245 uerti

395 2269 574 2334 iubet
632 2275 699 2334 e't
755 2269 849 2332 sic
907 2275 1154 2332 ceteras
1222 2265 1541 2333 nefandae
1585 2268 1855 2335 militiae
1920 2271 2137 2357 copias
2200 2291 2329 2335 non
2392 2270 2535 2335 sine

393 2378 630 2444 magno
700 2358 1018 2422 exercitus
1087 2357 1186 2421 sui
1253 2357 1488 2421 damno
1557 2355 1816 2424 deleuit.
1908 2358 2281 2424 Exstinctos
2326 2360 2393 2422 in
2453 2379 2537 2422 ea

395 2468 616 2533 pugna
675 2447 891 2511 ferunt
950 2442 1033 2510 de
1091 2444 1218 2527 his,
1290 2447 1401 2532 qui
1445 2443 1532 2511 ad
1576 2445 1889 2512 orandum
1943 2457 2286 2532 uenerant,
2354 2447 2535 2511 uiros

399 2536 652 2600 circiter
718 2535 894 2599 mille
958 2534 1292 2618 ducentos,
1365 2541 1430 2599 et
1486 2535 1692 2600 solum
1754 2535 1813 2600 L
1877 2536 2035 2621 fuga
2096 2559 2237 2602 esse
2295 2536 2531 2623 lapsos.

396 2621 723 2689 Brocmail
766 2621 851 2689 ad
894 2625 1174 2709 primum
1231 2621 1513 2688 hostium
1573 2622 1927 2691 aduentum
1972 2647 2119 2690 cum
2166 2626 2298 2690 suis
2343 2634 2537 2710 terga

396 2722 655 2778 uertens
702 2734 841 2796 eos,
893 2733 1051 2798 quos
1098 2709 1443 2778 defendere
1489 2711 1829 2797 debuerat,
1876 2715 2157 2780 inermes
2201 2736 2279 2779 ac
2324 2713 2535 2778 nudos

310 2881 315 2885 ¹
397 2801 775 2866 ferientibus
821 2800 1056 2886 gladiis
1108 2801 1388 2886 reliquit.
1479 2799 1717 2889 Sicque
1765 2803 2155 2890 completum
2205 2811 2304 2868 est
2347 2825 2537 2890 prae-

397 2891 652 2975 sagium
719 2890 924 2954 sancti
990 2887 1312 2976 pontificis
1380 2886 1759 2976 Augustini,
1828 2895 2123 2979 quamuis
2190 2894 2329 2979 ipso
2399 2894 2536 2957 iam

395 2979 598 3044 multo
643 2986 794 3043 ante
839 2987 1131 3064 tempore
1174 2979 1259 3044 ad
1303 2979 1606 3045 caelestia
1648 3003 1852 3066 regna
1897 2981 2168 3066 sublato,
2214 2990 2288 3046 ut
2333 2982 2536 3046 etiam

395 3067 769 3155 temporalis
813 3068 1109 3132 interitus
1153 3067 1397 3133 ultione
1440 3070 1756 3134 sentirent
1801 3069 2048 3156 perfidi,
2097 3069 2269 3158 quod
2315 3070 2537 3136 oblata

395 3158 520 3223 sibi
563 3165 916 3244 perpetuae
963 3156 1184 3222 salutis
1233 3155 1496 3223 consilia
1542 3168 1939 3244 spreuerant.

1436 3389 1497 3452 3.

398 3542 478 3600 Vt
511 3543 675 3602 idom
709 3543 1023 3603 Mellltum
1060 3560 1132 3603 ac
1167 3546 1411 3602 Iustum
1448 3545 1771 3615 episcopos
1821 3547 2083 3618 fecerlt3
2139 3547 2204 3605 ot
2242 3548 2316 3606 de
2354 3547 2536 3605 obitu

1387 3635 1545 3692 eius.

576 3776 768 3843 Anno
838 3779 1195 3845 dominicae
1256 3779 1713 3845 incarnationis
1757 3779 2077 3848 DO⁰11110
2122 3780 2534 3867 Augustinus

399 3863 867 3934 Brittaniarum
943 3869 1460 3956 archiepiscopus
1538 3869 1859 3936 ordinauit
1934 3870 2094 3937 duos
2171 3874 2532 3960 episcopos,
