2723 4326
203 193 280 250 11.
324 195 548 250 14-15.
2258 199 2341 268 93

203 373 343 438 filia
389 382 454 438 et
498 371 663 438 alter
707 371 872 438 filius
919 371 1260 455 Vuscfrea‚
1323 395 1599 459 quorum
1650 374 1841 460 primi
1888 374 2086 439 albati
2133 373 2341 440 adhuc

205 462 381 549 rapti
443 471 592 526 sunt
651 457 731 527 de
789 462 912 530 hac
979 465 1116 527 uita
1173 471 1236 526 et
1282 459 1564 528 Eburaci
1621 465 1688 528 in
1753 463 2023 528 ecclesia
2085 464 2339 550 sepulti.

206 551 592 638 Baptizatus
636 559 734 616 est
781 561 847 617 et
891 548 1030 615 Yffi
1072 549 1239 616 filius
1288 550 1563 636 osfridi,
1625 549 1737 616 sed
1800 561 1866 618 et
1926 551 2033 617 alii
2092 552 2340 618 nobiles

205 663 286 706 ac
331 641 497 726 regii
531 642 656 706 uiri
687 663 815 705 non
859 642 1066 726 pauci.
1134 639 1382 704 Tantus
1428 649 1649 706 autem
1693 641 1897 706 fertur
1941 651 2096 707 tunc
2142 641 2339 708 fuisse

205 731 426 794 feruor
469 727 623 795 fidei
653 752 729 794 ac
760 726 1147 796 desiderium
1191 729 1435 793 lauacri
1479 729 1774 795 salutaris
1820 740 2016 816 gente
2046 728 2339 795 Nordan-

204 819 656 904 hymbrorum‚
713 827 786 883 ut
845 816 1124 906 quodam
1185 827 1479 905 tempore
1526 818 1828 885 Paulinus
1886 821 2148 889 ueniens
2194 842 2339 884 cum

205 931 368 992 rege
415 916 483 973 et
527 909 751 993 regina
796 909 863 972 in
907 906 1128 972 uillam
1170 907 1439 994 regiam,
1498 929 1662 994 quae
1705 917 1974 974 uocatur
2018 907 2341 994 Adgefrin

205 995 514 1062 XXXVI
546 995 770 1062 diebus
815 993 1054 1061 ibidem
1087 1018 1232 1061 cum
1263 999 1355 1062 eis
1402 997 1839 1063 catechizandi
1871 1006 1937 1062 et
1966 996 2340 1085 baptizandi

205 1084 421 1151 officio
468 1083 716 1152 deditus
775 1094 1161 1152 moraretur:
1223 1086 1453 1173 quibus
1500 1085 1725 1152 diebus
1773 1089 2017 1152 cunctis
2064 1109 2104 1152 a
2147 1109 2337 1153 mane

203 1197 410 1263 usque
457 1174 540 1240 ad
586 1197 930 1262 uesperam
973 1173 1065 1239 nil
1107 1174 1281 1240 aliud
1340 1184 1592 1262 ageret,
1656 1197 1849 1264 quam
1910 1175 2339 1242 confluentem

204 1285 284 1330 eo
339 1265 422 1330 de
476 1264 722 1330 cunctis
777 1263 1003 1328 uiculis
1058 1285 1138 1329 ac
1188 1263 1346 1328 locis
1399 1264 1653 1351 plebem
1700 1263 1942 1330 Christi
1996 1265 2193 1330 uerbo
2240 1287 2335 1331 sa·

203 1354 359 1418 lutis
403 1355 718 1418 instruere
760 1362 955 1440 atque
999 1353 1381 1418 instructam
1424 1354 1492 1418 in
1535 1353 1729 1418 fluuio
1778 1351 1991 1438 (Heni,
2041 1356 2149 1440 qui
2194 1376 2335 1441 pro-

203 1445 420 1508 ximus
465 1451 624 1526 erat,
671 1443 927 1507 lauacro
972 1443 1366 1507 remissionis
1411 1441 1693 1508 abluere.
1755 1443 1941 1508 Haec
1988 1443 2139 1507 uilla
2179 1453 2337 1508 tem-

202 1553 362 1619 pore
409 1533 812 1618 sequentium
856 1553 1088 1616 regum
1131 1528 1406 1608 deserta,
1455 1541 1521 1597 et
1552 1531 1677 1597 alia
1711 1554 1829 1618 pro
1861 1531 1972 1597 illa
2018 1541 2118 1597 est
2162 1532 2337 1598 facta

199 1623 270 1686 in
303 1621 464 1703 loco,
514 1622 624 1708 qui
668 1629 935 1686 uocatur
964 1617 1292 1685 Maelmin.
1357 1619 1543 1685 Haec
1588 1621 1847 1706 quidem
1891 1621 1957 1685 in
2004 1622 2337 1707 prouincia

202 1708 680 1793 Berniciorum3
743 1707 857 1774 sed
904 1718 968 1775 et
1012 1709 1081 1774 in
1124 1709 1458 1795 prouincia
1501 1709 1873 1793 Deirorum,
1924 1710 2037 1776 ubi
2083 1711 2336 1798 saepius

204 1821 468 1865 manere
521 1820 668 1862 cum
721 1819 878 1884 rege
933 1799 1207 1883 solebat,
1279 1797 1653 1884 baptizabat
1704 1800 1773 1863 in
1826 1798 2023 1864 fluuio
2070 1796 2334 1884 Sualua‚

204 1890 316 1975 qui
367 1889 583 1952 uicum
629 1886 1039 1954 Cataractam
1092 1885 1517 1974 praeterfluit.
1608 1885 1913 1952 Nondum
1968 1889 2140 1954 enim
2197 1911 2332 1954 ora—

201 1979 368 2044 toria
421 1978 526 2042 uel
577 1978 958 2064 baptisteria
1000 1978 1067 2041 in
1113 1978 1251 2064 ipso
1301 1974 1561 2042 exordio
1614 1979 1934 2042 nascentis
1980 1976 2072 2043 ibi
2136 1975 2335 2044 eccle-

202 2068 338 2132 siae
405 2075 704 2154 poterant
765 2063 1107 2131 aedificari.
1207 2065 1516 2130 Attamen
1577 2065 1645 2130 in
1709 2063 2152 2153 Campodono‚
2220 2067 2335 2132 ubi

200 2167 357 2222 tunc
403 2157 600 2222 etiam
643 2155 796 2221 uilla
840 2155 1025 2241 regia
1071 2165 1238 2240 erat,
1298 2155 1454 2221 fecit
1499 2153 1861 2239 basilicam,
1920 2177 2117 2242 quam
2163 2166 2333 2244 post-

175 2244 467 2311 -modum
510 2247 778 2333 pagani,
825 2267 866 2310 a
911 2244 1142 2331 quibus
1186 2244 1469 2311 Aeduini
1512 2267 1630 2309 rex
1673 2246 1948 2329 occisus,
2004 2268 2153 2311 cum
2197 2254 2336 2311 tota

206 2335 438 2401 eadem
479 2334 632 2400 uilla
687 2332 1180 2400 succenderunt:
1242 2356 1363 2421 pro
1410 2355 1539 2419 qua
1582 2355 1769 2419 reges
1860 2336 2203 2399 osteriores
2250 2334 2341 2400 fe-

211 2447 359 2491 cere
405 2424 529 2490 sibi
574 2423 792 2489 uillam
837 2424 900 2488 in
946 2424 1232 2508 regione,
1281 2445 1445 2509 quae
1490 2432 1761 2488 uocatur
1806 2357 2048 2489 {loidis
2112 2424 2343 2489 Euasit

209 2521 426 2579 autem
471 2514 691 2599 ignem
735 2512 957 2597 altare,
1007 2514 1158 2599 quia
1201 2510 1526 2600 lapideum
1573 2522 1740 2577 erat:
1792 2520 1855 2577 et
1899 2521 2190 2578 seruatur
2226 2512 2341 2577 ad·

209 2602 336 2667 huc
395 2604 464 2667 in
527 2604 908 2667 monasterio
975 2604 1479 2667 reuerentissimi
1544 2602 1797 2667 abbatis
1858 2610 1923 2667 et
1979 2602 2343 2689 presbyteri

212 2690 618 2778 Thryduulfi‚
667 2691 836 2778 quod
885 2701 984 2756 est
1027 2692 1096 2755 in
1141 2689 1303 2757 silua
1347 2690 1622 2757 Elmete.
1702 2687 1709 2693 ’

1226 2924 1328 2988 15.

210 3080 306 3157 Vt!
325 3079 657 3151 prouincia
681 3080 1094 3138 orientalium
1118 3079 1461 3149 Anglorum
1485 3081 1666 3136 fldem
1692 3078 1928 3137 Christi
1966 3080 2339 3151 susceperit.

390 3223 676 3289 Tantum
721 3233 938 3289 autem
985 3223 1341 3289 deuotionis
1375 3222 1650 3288 Aeduini
1696 3245 1851 3308 erga
1899 3223 2140 3288 cultum
2177 3226 2339 3288 ueri-

209 3314 363 3378 tatis
405 3312 657 3394 habuit,
703 3323 776 3378 ut
822 3314 1017 3377 etiam
1061 3314 1204 3399 regi
1251 3310 1684 3379 Orientalium
1727 3311 2089 3397 Anglorum
2136 3313 2339 3399 Earp-

207 3401 398 3468 ualdo
449 3400 579 3467 filio
623 3400 940 3468 Redualdi
985 3401 1422 3489 persuaderet,
1470 3400 1713 3467 relictis
1759 3402 2076 3467 idolorum
2122 3424 2338 3490 super-

211 3490 598 3576 stitionibus,
645 3490 839 3556 fidem
871 3500 936 3555 et
966 3500 1370 3557 sacramenta
1402 3488 1644 3555 Christi
1674 3509 1820 3555 cum
1850 3513 1967 3556 sua
2010 3492 2341 3578 prouincia

213 3581 552 3667 suscipere.
645 3579 734 3644 Et
779 3578 1036 3666 quidem
1090 3589 1276 3668 pater
1329 3580 1466 3646 eius
1510 3578 1803 3646 Reduald
1855 3578 2227 3645 iamdudum
2251 3588 2254 3593 '
2274 3582 2341 3645 in

215 3667 444 3735 Cantia
509 3670 926 3734 sacramentis
991 3668 1395 3735 Christianae
1461 3667 1612 3733 fidei
1674 3670 1957 3735 imbutus
2023 3678 2154 3753 est,
2227 3669 2341 3735 sed

211 3758 476 3823 frustra:
523 3780 676 3823 nam
719 3757 972 3823 rediens
1019 3758 1283 3824 domum
1327 3760 1410 3825 ab
1457 3780 1657 3824 uxore
1702 3780 1817 3823 sua
1846 3767 1912 3823 et
1958 3759 2340 3846 quibusdam

212 3849 534 3935 peruersis
580 3846 945 3913 doctoribus
993 3846 1288 3914 seductus
1336 3857 1436 3915 est
1482 3856 1675 3935 atque
1706 3871 1746 3915 a
1777 3850 2142 3915 sinceritate
2189 3846 2341 3913 fidei
