2723 4326
177 203 285 255 111.
328 202 553 257 12—13.
2199 206 2326 271 123

366 380 669 466 Denique
738 380 979 466 ferunt,
1046 384 1199 467 quia
1256 404 1299 447 a
1356 390 1652 468 tempore
1709 384 2065 447 matutinae
2122 380 2328 447 laudis

178 471 447 558 saepius
510 469 592 535 ad
638 470 810 535 diem
865 492 1071 557 usque
1116 473 1182 537 in
1227 470 1624 537 orationibus
1681 474 2068 558 perstiterit,
2129 481 2327 557 atque

180 560 272 624 ob
320 558 621 625 crebrum
667 581 913 624 morem
960 558 1213 645 orandi,
1277 561 1414 625 siue
1478 561 1721 645 gratias
1779 558 2020 645 agendi
2066 558 2324 625 domino

188 670 448 735 semper
494 647 886 733 ubicumque
933 648 1179 730 sedens,
1211 650 1490 735 ,supinas
1536 670 1730 735 super
1775 672 1991 735 genua
2034 670 2150 713 sua
2193 671 2328 714 ma-

176 760 309 802 nus
362 734 603 803 habere
659 738 886 802 solitus
940 739 1041 802 sit.
1137 736 1496 823 vulgatum
1540 748 1642 803 est
1685 748 1902 803 autem
1949 746 2016 805 et
2060 739 2126 801 in
2175 760 2324 803 con·

188 825 593 891 suetudinem
652 826 981 912 prouerbii
1040 848 1333 910 uersum,
1412 825 1585 913 quod
1649 829 1844 892 etiam
1902 829 2068 891 inter
2125 826 2328 893 uerba

180 916 494 980 orationis
539 916 741 979 uitam
785 914 1045 982 finierit.
1108 914 1281 980 Nam
1328 937 1476 981 cum
1521 917 1716 981 armis
1763 926 1830 982 et
1873 915 2170 981 hostibus
2201 917 2322 981 cir-

183 1014 563 1091 cumseptus
607 1005 996 1089 iamiamque
1042 1002 1295 1069 uideret
1324 1028 1395 1070 se
1427 1026 1568 1070 esse
1604 1003 2068 1091 perimendum,
2118 1006 2328 1070 orauit

188 1115 309 1180 pro
354 1092 692 1158 animabus
752 1094 1075 1159 exercitus
1119 1095 1238 1158 sui.
1330 1092 1521 1158 Vnde
1575 1092 1797 1159 dicunt
1841 1096 1909 1159 in
1953 1093 2323 1181 prouerbio:

187 1182 394 1248 ‘Deus
439 1184 748 1247 miserere
794 1182 1149 1266 animabus,
1199 1182 1365 1247 dixit
1397 1180 1643 1248 Osuald
1682 1181 1918 1249 cadens
1946 1185 2014 1247 in
2044 1182 2322 1252 terram.'

370 1268 539 1337 Ossa
584 1271 787 1357 igitur
827 1270 997 1337 illius
1042 1271 1359 1338 translata
1403 1282 1472 1337 et
1517 1269 1780 1338 condita·
1813 1279 1964 1337 sunt
2007 1274 2075 1335 in
2103 1292 2322 1337 mona-

182 1362 406 1439 sterio,
455 1381 583 1446 quo
630 1358 935 1426 diximus:
983 1382 1177 1447 porro
1226 1370 1422 1447 caput
1468 1371 1536 1426 et
1578 1382 1806 1426 manus
1853 1384 1998 1426 cum
2045 1360 2325 1427 brachiis

186 1474 225 1515 a
270 1471 543 1537 corpore
588 1450 910 1535 praecisas
941 1450 1125 1515 iussit
1154 1472 1291 1533 rex,
1340 1451 1450 1535 qui
1497 1449 1842 1533 occiderat,
1888 1452 1957 1515 in
2003 1450 2327 1536 stipitibus

184 1538 512 1626 suspendi.
606 1534 751 1616 Quo
807 1546 955 1625 post
1013 1560 1252 1605 annum
1308 1541 1576 1603 ueniens
1638 1561 1786 1604 cum
1847 1540 2136 1605 exercitu
2182 1560 2323 1604 suc-

182 1649 403 1693 cessor
464 1628 650 1713 regni
710 1628 846 1691 eius
893 1624 1101 1693 Osuiu
1164 1626 1434 1693 abstulit
1479 1649 1557 1693 ea
1603 1635 1670 1693 et
1714 1637 1909 1714 caput
1954 1626 2214 1713 quidem
2260 1630 2328 1692 in

182 1718 541 1803 cymeterio
572 1714 1115 1782 Lindisfarnensis
1164 1716 1480 1782 ecclesiae
1489 1767 1508 1800 ‚
1555 1718 1624 1781 in
1653 1718 1840 1802 regia
1867 1738 2026 1781 uero
2066 1718 2328 1781 ciuitate

182 1829 415 1871 manus
464 1828 610 1871 cum
656 1804 937 1870 brachiis
983 1804 1287 1871 condidit.

1206 2036 1308 2102 13.

274 2195 361 2254 vt
398 2195 466 2250 iu
504 2195 809 2252 Hibernia
845 2195 937 2251 sit
977 2196 1224 2264 quidam
1258 2209 1375 2266 per
1414 2194 1721 2264 reliquias
1759 2193 1893 2251 eius
1933 2209 1970 2250 a
2006 2194 2230 2250 mortis

924 2285 1198 2340 articulo
1234 2285 1594 2341 reuocatus.

363 2427 509 2494 Nec
554 2427 763 2494 solum
808 2429 1031 2514 inclyti
1069 2427 1242 2495 fama
1272 2429 1396 2493 uiri
1425 2428 1789 2494 Brittaniae
1824 2426 1984 2493 fines
2029 2427 2328 2492 lustrauit

180 2521 545 2602 uniuersos,
598 2516 714 2583 sed
762 2519 960 2583 etiam
1003 2526 1183 2583 trans
1232 2516 1569 2584 Oceanum
1616 2518 1809 2600 longe
1853 2515 2066 2582 radios
2113 2516 2330 2581 saluti-

181 2610 364 2676 ferae
395 2608 556 2672 lucis
602 2628 937 2694 spargens,
983 2604 1380 2672 Germaniae
1410 2607 1598 2672 simul
1630 2616 1694 2671 et
1723 2605 2080 2671 Hiberniae
2111 2614 2332 2692 partes

182 2699 427 2782 attigit.
519 2697 817 2782 Denique
863 2696 1426 2762 reuerentissimus
1473 2696 1743 2761 antistes
1787 2694 1970 2761 Acca
2015 2693 2179 2760 solet
2224 2715 2326 2760 re-

183 2788 359 2853 ferre
374 2837 393 2870 ‚
465 2788 619 2871 quia
632 2835 650 2868 ‚
740 2807 889 2849 cum
953 2784 1227 2850 Romam
1290 2783 1537 2850 uadens
1615 2784 1788 2871 apud
1857 2784 2330 2849 sanctissimum

186 2876 549 2941 Fresonum
619 2876 833 2958 gentis
901 2873 1458 2960 archiepiscopum
1519 2872 1936 2940 Vilbrordum
2003 2895 2151 2939 cum
2220 2894 2334 2938 suo

190 2966 481 3030 antistite
526 2961 801 3029 Vilfrido
847 2971 1235 3048 moraretur,
1300 2961 1527 3028 crebro
1575 2985 1723 3029 eum
1767 2963 2044 3028 audierit
2090 2960 2170 3027 de
2215 2962 2334 3026 mi-

187 3055 429 3138 randis,
477 3075 644 3139 quae
690 3051 774 3118 ad
817 3051 1121 3137 reliquias
1167 3052 1458 3118 eiusdem
1501 3053 2002 3118 reuerentissimi
2047 3052 2221 3134 regis
2267 3052 2337 3114 in

190 3143 300 3210 illa
346 3144 679 3231 prouincia
726 3150 911 3226 gesta
956 3141 1216 3223 fuerint,
1262 3163 1550 3206 narrare.
1615 3139 1748 3208 Sed
1793 3150 1859 3205 et
1904 3142 1972 3205 in
2015 3137 2336 3204 Hibernia

193 3256 343 3298 cum
390 3231 731 3318 presbyter
776 3228 987 3296 adhuc
1034 3233 1446 3317 peregrinam
1495 3251 1613 3316 pro
1659 3239 1922 3295 aeterna
1967 3230 2179 3315 patria
2220 3226 2333 3292 du-

193 3331 375 3388 ceret
418 3323 649 3404 uitam,
710 3341 1038 3386 rumorem
1085 3321 1441 3385 sanctitatis
1487 3319 1657 3385 illius
1705 3319 1769 3384 in
1819 3341 1894 3382 ea
1940 3338 2195 3403 quoque
2240 3316 2334 3381 in-

197 3411 336 3478 sula
394 3409 587 3495 longe
647 3408 906 3494 lateque
964 3410 1095 3474 iam
1141 3408 1624 3496 percrebruisse
1683 3408 1961 3490 ferebat3
2023 3428 2060 3470 e
2106 3405 2337 3491 quibus

198 3522 417 3584 unum,
452 3497 622 3585 quod
652 3500 821 3563 inter
844 3499 973 3563 alia
1001 3499 1269 3582 rettulit,
1302 3498 1688 3562 miraculum
1719 3496 2043 3584 praesenti
2075 3502 2338 3560 nostrae

199 3589 504 3655 historiae
547 3586 959 3653 inserendum
1006 3586 1412 3652 credidimus.

380 3675 743 3764 ‘Tempore'
792 3678 1001 3762 inquit
1048 3677 1510 3759 ‘mortalitatis‚
1569 3695 1736 3759 quae
1781 3671 2173 3738 Brittaniam
2219 3670 2339 3735 Hi-

201 3765 621 3852 berniamque
680 3767 814 3830 lata
874 3775 1093 3851 strage
1151 3767 1460 3848 uastauit,
1521 3785 1860 3850 percussus
1907 3772 2008 3828 est
2054 3759 2341 3827 eiusdem

201 3856 384 3923 clade
452 3856 653 3942 pestis
715 3855 885 3919 inter
951 3854 1109 3920 alios
1180 3854 1554 3920 scolasticus
1624 3850 1882 3939 quidam
1951 3850 2030 3916 de
2101 3871 2342 3936 genere
