2723 4326
142 195 190 246 Ι.
230 195 393 249 4-6.
2204 196 2283 257 11

141 370 415 436 Aurelio
478 369 832 436 Commodo
900 370 1102 436 fratre
1170 373 1481 456 suscepit:
1555 392 1824 456 quorum
1888 371 2287 457 temporibus

141 482 297 524 cum
327 459 720 524 Eleutherus
761 462 862 524 uir
892 469 1151 525 sanctus
1183 459 1583 547 pontificatui
1613 459 1945 525 Romanae
1978 461 2286 524 ecclesiae

137 559 497 636 praeesset,
547 549 721 614 misit
767 548 849 613 ad
896 571 1040 614 eum
1086 547 1326 614 Lucius
1373 548 1841 614 Brittaniarum
1887 572 2003 614 rex
2050 551 2287 636 epistu-

141 641 311 720 lam,
363 639 740 722 obsecrans,
802 647 873 702 ut
926 660 1042 724 per
1089 640 1222 702 cius
1277 637 1652 703 mandatum
1700 636 2102 703 Christianus
2150 637 2284 702 effi-

141 739 436 792 ceretur:
473 736 538 791 et
569 750 721 792 mox
754 725 1054 792 effectum
1087 728 1232 813 piae
1263 727 1712 813 postulationis
1746 739 2121 792 consecutus
2156 737 2286 811 est,
2272 752 2285 767 ·

95 827 647 922 susceptamque
708 814 902 881 fidem
948 815 1232 880 Brittani
1290 838 1495 902 usque
1557 817 1622 880 in
1686 825 1977 920 tempora
2033 815 2288 880 Diocle-

137 907 305 970 tiani
372 907 682 992 principis
752 903 1124 1022 inuiolatam
1195 908 1649 992 integramque
1708 907 1927 991 quieta
1990 908 2056 970 in
2124 927 2287 993 pace

145 995 520 1064 seruabant.

1191 1156 1251 1219 5.

195 1315 202 1321 ·
245 1295 328 1350 vt
365 1293 632 1350 Seuerus
671 1295 984 1364 receptam
1019 1294 1396 1422 ffssigtamapt
1416 1294 1661 1364 partem
1696 1294 1867 1350 uallo
1906 1309 1943 1349 a
1980 1295 2193 1354 cetera

1017 1385 1022 1392 ·
1181 1380 1336 1421 nxer
1400 1401 1419 1420 .

327 1489 519 1556 Anno
577 1491 659 1555 ab
715 1493 1156 1556 incarnatione
1227 1490 1467 1556 domini
1514 1489 2122 1557 C⁰LXXX⁰VIIII⁰
2170 1489 2285 1558 Se-

145 1581 364 1665 uer'us,
413 1602 654 1665 genere
687 1579 848 1644 Afer
882 1577 1321 1666 Tripolitanus
1353 1582 1437 1646 ab
1470 1581 1705 1667 oppido
1736 1581 1952 1667 Lepti,
2003 1579 2286 1644 decimus

145 1672 463 1757 septimus
493 1670 576 1734 ab
607 1667 906 1753 Augusto
952 1671 1296 1755 imperium
1342 1668 1637 1756 adeptus,
1686 1668 1911 1736 decem
1944 1679 2007 1734 et
2037 1680 2289 1756 septem

144 1761 330 1824 annis
379 1760 602 1826 tenuit.
698 1757 828 1822 Hic
886 1767 1120 1822 natura
1183 1781 1446 1841 saeuus,
1513 1760 1729 1823 multis
1790 1781 2047 1845 semper
2101 1757 2287 1823 bellis

144 1849 516 1930 lacessitus,
579 1847 929 1912 fortissime
978 1847 1236 1933 quidem
1287 1846 1785 1933 rempublicam,
1852 1847 1966 1912 sed
2012 1848 2287 1913 laborio-

150 1939 405 2002 sissime
465 1938 652 2001 rexit.
745 1935 974 2002 Victor
1031 1958 1186 2021 ergo
1243 1937 1528 2001 ciuilium
1591 1936 1939 2020 bellorum,
2003 1959 2167 2022 quae
2230 1938 2289 2002 ei

147 2027 535 2112 grauissima
567 2034 998 2109 occurrerant,
1033 2028 1100 2090 in
1125 2025 1480 2090 Brittanias
1514 2025 1771 2090 defectu
1802 2049 1969 2112 pene
2003 2028 2289 2091 omnium

149 2118 470 2182 sociorum
509 2114 806 2181 trahitur.
871 2114 1002 2181 Vbi
1041 2115 1294 2200 magnis
1335 2114 1770 2202 grauibusque
1802 2116 2062 2202 proeliis
2096 2137 2289 2202 saepe

149 2208 350 2291 gestis
398 2215 728 2290 receptam
775 2214 1028 2291 partem
1073 2206 1319 2270 insulae
1354 2228 1396 2270 a
1428 2208 1658 2270 ceteris
1704 2205 2032 2270 indomitis
2080 2207 2287 2290 genti-

151 2296 290 2378 bus,
338 2317 469 2360 non
499 2316 700 2379 mure,
737 2303 806 2357 ut
839 2294 1101 2379 quidam
1131 2296 1493 2378 aestimant,
1542 2294 1654 2359 sed
1685 2294 1853 2359 uallo
1887 2293 2284 2379 distinguen-

151 2385 299 2450 dam
355 2385 625 2471 put-auit.
718 2382 944 2449 Murus
977 2386 1230 2449 etenim
1276 2381 1356 2446 de
1400 2383 1750 2470 lapidibus,
1814 2383 2055 2447 uallum
2110 2405 2287 2465 uero,

152 2496 276 2560 quo
323 2471 408 2537 ad
453 2472 888 2559 repellendam
934 2473 1068 2537 uim
1102 2470 1384 2537 hostium
1417 2482 1630 2537 castra
1661 2473 2053 2556 muniuntur,
2102 2471 2177 2536 fit
2210 2470 2289 2535 de

151 2564 531 2649 cespitibus,
584 2562 812 2648 quibus
862 2562 1282 2644 circumcisis,
1343 2584 1379 2626 e
1436 2571 1613 2626 terra
1667 2563 1845 2627 uelut
1909 2583 2130 2625 murus
2177 2584 2287 2626 ex-

154 2653 425 2717 struitur
472 2651 636 2715 altus
685 2673 878 2737 supra
925 2660 1197 2735 terram,
1265 2653 1358 2715 ita
1404 2660 1476 2715 ut
1520 2653 1584 2715 in
1644 2660 1793 2715 ante
1838 2653 1920 2715 sit
1964 2650 2165 2736 fossa,
2215 2650 2295 2714 de

153 2764 274 2827 qua
319 2742 521 2805 leuati
567 2751 716 2804 sunt
747 2740 1041 2826 cespites,
1092 2762 1288 2825 supra
1333 2761 1528 2825 quam
1576 2740 1763 2805 sudes
1812 2740 1891 2805 de
1939 2740 2130 2825 lignis
2161 2741 2287 2804 for-

153 2832 416 2895 tissimis
480 2828 940 2916 praefiguntur.
1042 2828 1274 2915 Itaque
1339 2828 1620 2895 Seuerus
1685 2850 1990 2913 magnam
2050 2830 2292 2895 fossam

152 2918 718 3024 firmissimumque
763 2917 1032 3001 uallum,
1083 2919 1324 2983 crebris
1372 2920 1635 3005 insuper
1680 2920 1965 2985 turribus
2012 2941 2291 2984 commu-

153 3011 388 3091 nitum,
447 3030 488 3073 a
541 3008 706 3072 mari
761 3005 844 3071 ad
888 3029 1067 3071 mare
1113 3005 1316 3074 duxit.
1409 3008 1639 3094 Ibique
1692 3008 1865 3095 apud
1921 3007 2292 3074 Eboracum

157 3098 462 3185 oppidum
509 3096 735 3161 morbo
783 3097 960 3162 obiit.
1038 3095 1324 3182 Reliquit
1358 3096 1515 3161 duos
1560 3097 1743 3181 filios,
1794 3096 2179 3161 Bassianum
2227 3106 2293 3161 et

159 3184 426 3253 Getam:
491 3208 763 3273 quorum
821 3182 995 3251 Geta
1052 3186 1252 3250 hostis
1313 3186 1608 3272 publicus
1662 3187 1979 3252 iudicatus
2027 3187 2289 3270 interiit,

157 3274 523 3360 BassianUS,
547 3274 862 3340 Antonini
888 3276 1269 3359 cognomine
1295 3273 1653 3362 adsumptO,
1686 3297 1890 3361 regno
1917 3278 2153 3362 potitus
2176 3284 2288 3339 est.

1195 3490 1254 3553 6.

227 3632 312 3686 Dc
346 3629 611 3700 imperio
638 3628 1043 3697 DiocletianI,
1084 3628 1148 3683 ct
1180 3629 1254 3684 ut
1281 3627 1673 3685 Christianos
1706 3628 2075 3698 persecutus
2114 3629 2222 3685 slt.

183 3829 190 3838 ¹
331 3756 520 3823 Anno
585 3754 1040 3819 incarnationis
1103 3754 1462 3820 dominicae
1519 3751 2073 3820 OC⁰LXXX⁰VI0
2139 3755 2293 3819 Dio-

171 3843 462 3910 cletianus
527 3846 890 3909 tricesimus
957 3845 1182 3908 tertius
1251 3846 1334 3909 ab
1404 3844 1703 3929 Augusto
1780 3847 2131 3931 imperator
2208 3844 2290 3908 ab
