2723 4326
441 182 523 246 12
2330 182 2373 234 L
2413 182 2569 237 6-7.

441 359 728 423 exercitu
785 357 1024 422 electus
1083 358 1264 423 annis
1319 358 1440 422 XX
1497 357 1647 441 fuit,
1703 357 2289 444 Maximianumque
2335 380 2571 444 cogno-

439 457 656 512 mento
679 444 1058 511 Herculium
1091 449 1333 512 socium
1358 449 1603 512 creauit
1634 448 1909 534 imperii.
1962 446 2251 525 Quorum
2280 456 2575 534 tempore

442 535 786 602 Carausius
835 535 1116 621 quidam,
1177 558 1416 622 genere
1483 536 1743 621 quidem
1804 534 2091 620 infimus,
2151 535 2265 601 sed
2310 537 2575 601 consilio

439 635 506 691 et
537 647 732 690 manu
763 634 1117 711 promptus,
1161 647 1307 690 cum
1337 624 1421 690 ad
1453 623 1851 690 obseruanda
1884 622 2133 691 Oceani
2161 626 2373 711 litora,
2408 648 2577 712 quae

437 724 594 780 tunc
639 714 876 780 Franci
923 727 985 779 et
1031 711 1323 780 Saxones
1370 713 1787 798 infestabant,
1835 715 2081 801 positus
2125 714 2270 800 plus
2315 716 2383 780 in
2428 738 2577 801 per-

436 806 674 870 niciem
731 824 925 890 quam
981 805 1047 867 in
1103 812 1485 890 prouectum
1528 802 1923 890 reipublicae
1968 812 2221 888 ageret,
2283 814 2580 890 ereptam

438 891 872 980 praedonibus
917 892 1227 978 praedam
1272 892 1450 958 nulla
1495 914 1578 956 ex
1621 901 1807 977 parte
1851 892 2246 957 restituendo
2280 891 2579 976 dominis,

439 980 555 1046 sed
617 981 742 1046 sibi
800 982 920 1046 soli
981 979 1400 1065 uindicand03
1471 978 1825 1045 accendens
1890 983 2351 1067 suspicionem,
2425 983 2581 1067 quia

443 1071 621 1158 ipsos
673 1092 926 1156 quoque
990 1068 1202 1135 hostes
1265 1068 1348 1134 ad
1402 1069 1819 1135 incursandos
1873 1067 2033 1135 fines
2088 1069 2319 1136 artifici
2362 1069 2585 1154 negle-

439 1162 659 1245 gentia
716 1161 1147 1245 permitteret:
1219 1180 1414 1244 quam
1479 1158 1561 1223 ob
1620 1181 1758 1224 rem
1818 1182 1859 1224 a
1912 1157 2308 1225 Maximiano
2366 1162 2579 1224 iussus

440 1248 649 1314 occidi
694 1270 1044 1334 purpuram
1106 1249 1335 1312 sumsit
1381 1271 1458 1312 ac
1493 1245 1847 1312 Brittanias
1908 1250 2281 1334 occupauit3
2344 1247 2581 1334 quibus

438 1338 559 1402 sibi
605 1359 724 1423 per
762 1335 899 1402 VII
942 1358 1143 1401 annos
1189 1337 1537 1401 fortissime
1584 1335 1925 1402 uindicatis
1970 1358 2048 1402 ac
2094 1339 2384 1421 retentis,
2432 1347 2580 1402 tan·-

437 1424 585 1490 dem
658 1424 884 1490 fraude
927 1425 1166 1491 Allecti
1241 1427 1399 1491 socii
1467 1427 1565 1490 sui
1630 1425 2005 1491 interfectus
2072 1436 2189 1491 est.
2282 1425 2581 1491 Allectus

437 1524 664 1601 postea
718 1524 1008 1601 ereptam
1064 1513 1375 1580 Carausio
1434 1514 1706 1579 insulam
1762 1538 1878 1601 per
1931 1516 2277 1580 triennium
2334 1518 2577 1580 tenuit:

439 1626 633 1690 quem
677 1602 1170 1690 Asclepiodotus
1234 1603 1603 1690 praefectus
1657 1605 1979 1690 praetorio
2040 1609 2359 1691 oppressit
2401 1604 2579 1669 Brit-

437 1695 809 1780 taniamque
856 1702 1003 1779 post
1048 1694 1106 1757 X
1155 1715 1356 1757 annos
1402 1694 1665 1780 recepit.

616 1781 878 1847 Interea
922 1782 1367 1847 Diocletianus
1415 1783 1480 1846 in
1513 1780 1803 1865 Oriente,
1850 1780 2283 1847 Maximianus
2322 1779 2578 1845 Hercu-

437 1870 564 1935 lius
629 1871 695 1934 in
761 1869 1118 1938 Occidente
1184 1872 1425 1935 uastari
1491 1871 1795 1936 ecclesias
1813 1919 1831 1953 ‚
1901 1869 2108 1955 affligi
2172 1869 2581 1957 interficique

437 1957 836 2025 Christianos
870 1959 1118 2025 decimo
1150 1969 1298 2047 post
1332 1958 1661 2024 Neronem
1690 1959 1831 2024 loco
1862 1968 2359 2046 praeceperunt:
2408 1981 2579 2046 quae

435 2051 797 2135 persecutio
847 2049 1140 2113 omnibus
1200 2048 1336 2112 fere
1400 2058 1551 2114 ante
1598 2050 1761 2113 actis
1808 2046 2167 2113 diuturnior
2212 2059 2406 2136 atque
2452 2051 2575 2114 im·

435 2139 687 2203 manior
748 2138 897 2221 fuit3
964 2160 1116 2204 nam
1180 2159 1299 2225 per
1361 2134 1432 2200 X
1492 2158 1694 2202 annos
1758 2137 2068 2204 incendiis
2133 2138 2573 2223 ecclesiarum,

435 2228 1007 2315 proscriptionibus
1053 2229 1493 2312 innocentum,
1544 2226 1847 2292 caedibus
1891 2237 2253 2314 martyrum
2297 2230 2576 2292 incessa-

437 2318 656 2382 biliter
702 2328 847 2383 acta
894 2327 1010 2383 est.
1091 2316 1393 2402 Denique
1442 2317 1636 2381 etiam
1672 2315 2061 2381 Brittaniam
2106 2326 2245 2382 tum
2290 2317 2575 2403 plurima

437 2405 856 2471 confessionis
904 2405 1024 2471 deo
1076 2405 1349 2471 deuotae
1398 2406 1605 2491 gloria
1652 2405 2039 2470 sublimauit.

1477 2602 1611 2667 7.*

473 2724 690 2781 Passio
730 2722 932 2780 sancti
969 2721 1194 2779 Albani
1232 2723 1296 2778 et
1335 2723 1645 2779 sociorum
1680 2722 1839 2790 eius,
1878 2721 1982 2790 qui
2009 2723 2220 2779 codem
2254 2722 2534 2791 tempore

920 2808 1035 2864 pro
1076 2794 1317 2850 domino
1357 2794 1721 2861 sangumem
1758 2794 2080 2849 fuderunt.

617 2910 951 2997 Siquidem
995 2912 1064 2976 in
1111 2933 1189 2977 ea
1234 2934 1461 2997 passus
1509 2920 1607 2975 est
1654 2919 1913 2976 sanctus
1959 2909 2267 2994 Albanus,
2316 2910 2396 2975 de
2442 2932 2572 2995 quo

438 3001 780 3087 presbyter
825 2999 1216 3065 Fortunatus
1264 3002 1329 3063 in
1378 2998 1601 3064 Laude
1646 3002 1991 3085 uirginum,
2039 3022 2185 3065 cum
2231 2999 2569 3063 beatorum

437 3099 819 3176 martyrum,
856 3092 964 3175 qui
1011 3088 1092 3152 de
1137 3098 1274 3153 toto
1323 3088 1479 3154 orbe
1526 3088 1609 3153 ad
1654 3088 1982 3153 dominum
2028 3090 2339 3172 uenirent,
2364 3121 2371 3129 ·
2392 3110 2571 3152 men·

439 3180 678 3244 tionem
722 3180 984 3261 faceret,
1034 3180 1124 3241 ait
1171 3176 1404 3259 (Carm.
1456 3176 1643 3243 VIII.
1694 3175 1949 3263 3,155):

718 3286 1026 3345 Albanum
1067 3285 1380 3362 egregium
1421 3285 1678 3345 fecunda
1718 3285 1998 3345 Britania
2039 3285 2288 3361 profert.

618 3380 748 3459 Qui
792 3380 1093 3447 uidelicet
1143 3382 1431 3447 Albanus
1477 3403 1767 3468 paganus
1815 3380 2055 3466 adhuc,
2104 3404 2249 3445 cum
2294 3378 2570 3467 perfido·

438 3490 583 3532 rum
629 3472 990 3557 principum
1036 3471 1339 3536 mandata
1386 3470 1727 3536 aduersum
1775 3468 2171 3535 Christianos
2227 3471 2566 3555 saeuirent,

439 3559 741 3623 clericum
812 3560 1134 3645 quendam
1197 3568 1641 3646 persecutores
1705 3560 2059 3645 fugientem
2118 3558 2397 3644 hospitio
2465 3581 2565 3623 re-

439 3648 646 3733 cepit:
719 3671 911 3734 quem
972 3648 1121 3714 dum
1189 3650 1585 3714 orationibus
1646 3649 1961 3712 continuis
2024 3670 2100 3712 ac
2167 3646 2405 3733 uigiliis
2467 3645 2569 3713 die

435 3745 760 3822 noctuque
793 3736 1049 3804 studere
1075 3740 1497 3825 conspiceret,
1530 3738 1741 3803 subito
1766 3737 1984 3802 diuina
2004 3738 2218 3821 gratia
2239 3745 2569 3822 respectus

436 3826 804 3912 exemplum
849 3826 999 3892 fidei
1045 3850 1122 3892 ac
1169 3830 1429 3915 pietatis
1461 3827 1627 3891 illius
1660 3828 1873 3913 coepit
1905 3826 2233 3910 aemulari,
2282 3848 2359 3890 ac
2406 3824 2567 3889 salu-
