2723 4326
150 176 239 227 V.
293 176 419 231 13-
434 177 515 231 14.
2183 186 2312 250 253

148 353 381 417 oculis
426 352 821 418 abscondere
865 363 1171 438 curasset,
1202 366 1437 441 'posset
1487 378 1708 421 eorum
1753 380 2022 422 numero
2055 362 2306 446 sociari,

149 442 254 505 de
308 443 537 527 quibus
585 444 675 506 ait
720 441 1004 529 psalmus
1054 440 1188 530 (31,
1242 444 1336 531 1):
1405 445 1635 531 ‘Beati,
1687 467 1960 531 quorum
2006 450 2312 515 remissae

148 537 327 595 sunt
380 532 777 618 iniquitates,
839 542 905 597 et
965 554 1237 618 quorum
1297 545 1468 601 tecta
1515 544 1662 600 sunt
1720 539 2030 623 peccata.'
2123 538 2312 602 Hanc

147 620 540 702 historiam,
604 621 765 684 sicut
825 644 863 684 a
917 620 1271 687 uenerabili
1330 626 1620 689 antistite
1667 623 2038 692 Pecthelmo
2096 625 2309 712 didici,

145 709 549 795 simpliciter
594 708 677 773 ob
724 711 998 775 salutem
1042 711 1394 796 legentium
1440 714 1576 778 siue
1620 713 2017 780 audientium
2043 738 2306 781 narran-

151 797 329 861 dam
378 820 520 863 esse
565 800 808 884 putaui.

1204 1031 1304 1094 14.

154 1186 249 1242 Vt
293 1186 444 1241 item
490 1186 654 1242 allus
694 1186 1035 1242 moriturus
1074 1187 1436 1256 deputatum
1474 1187 1598 1245 sibl
1635 1191 1799 1259 apud
1839 1191 2078 1247 Inscros
2105 1192 2311 1248 locum

933 1290 1268 1345 poenarum
1303 1276 1566 1332 uiderit.

356 1418 529 1483 Noui
572 1427 794 1485 autem
839 1419 978 1506 ipse
1023 1420 1310 1504 fratrem,
1361 1442 1554 1507 quem
1599 1424 1846 1487 utinam
1875 1445 2005 1487 non
2033 1446 2307 1510 nossem,

160 1508 361 1572 cuius
409 1510 602 1573 etiam
646 1528 901 1592 nomen,
948 1510 1004 1573 si
1048 1507 1169 1573 hoc
1215 1510 1458 1595 aliquid
1503 1510 1858 1597 prodesset,
1907 1512 2119 1578 dicere
2165 1526 2310 1601 pos‘-

162 1620 353 1678 sem3
402 1600 683 1683 positum
727 1598 797 1662 in
842 1600 1233 1663 monasterio
1281 1598 1503 1682 nobili,
1552 1598 1667 1664 sed
1696 1602 1908 1687 ipsum
1940 1601 2312 1686 ignobiliter

159 1688 527 1753 uiuentem.
610 1683 1098 1772 Corripiebatur
1162 1687 1424 1772 quidem
1483 1688 1702 1753 sedulo
1767 1712 1807 1754 a
1865 1688 2172 1755 fratribus
2233 1714 2310 1756 ac

164 1776 531 1840 maioribus
576 1775 701 1840 loci
747 1784 942 1862 atque
985 1774 1071 1841 ad
1116 1778 1597 1860 castigatiorem
1627 1778 1828 1842 uitam
1863 1782 2152 1845 conuerti
2182 1802 2311 1845 am-

166 1864 584 1929 monebatur.
678 1865 765 1930 Et
812 1865 1104 1951 quamuis
1152 1887 1260 1929 eos
1308 1862 1529 1931 audire
1558 1867 1882 1949 noluisset,
1917 1867 2312 1935 tolerabatur

172 1964 405 2018 tamen
450 1954 531 2017 ab
580 1955 671 2018 eis
716 1954 1174 2038 longanimiter
1220 1954 1303 2019 ob
1332 1957 1780 2019 necessitatem
1814 1979 2079 2043 operum
2112 1960 2311 2045 ipsius

174 2044 604 2107 exteriorum:
655 2051 795 2107 erat
842 2044 1015 2107 enim
1060 2042 1273 2108 fabrili
1318 2052 1458 2108 arte
1513 2044 1870 2129 singularis.
1965 2044 2312 2113 Seruiebat

173 2142 404 2197 autem
464 2131 735 2197 multum
796 2132 1093 2198 ebrietati
1153 2140 1217 2196 et
1263 2133 1493 2198 ceteris
1553 2134 1730 2200 uitae
1792 2136 2174 2201 remissioris
2219 2139 2311 2202 in-

172 2221 487 2305 lecebris3
534 2223 871 2308 magisque
916 2223 981 2285 in
1027 2219 1285 2287 officina
1330 2245 1446 2286 sua
1491 2220 1596 2287 die
1643 2231 1961 2311 noctuque
2005 2225 2309 2312 residere,

175 2331 383 2395 quam
428 2308 511 2374 ad
556 2310 958 2396 psallendum
1018 2319 1211 2396 atque
1266 2312 1579 2376 orandum
1625 2313 1692 2375 in
1739 2314 2010 2378 ecclesia
2054 2312 2310 2380 audien-

174 2400 471 2486 dumque
516 2420 663 2463 cum
695 2399 999 2464 fratribus
1030 2399 1304 2465 uerbum
1332 2401 1507 2465 uitae
1538 2423 1920 2468 concurrere
1952 2414 2306 2469 consuerat.

173 2485 377 2552 Vnde
423 2485 659 2553 accidit
705 2488 817 2571 illi,
866 2485 1039 2574 quod
1085 2490 1294 2554 solent
1340 2488 1554 2554 dicere
1601 2488 1890 2575 quidam,
1959 2494 2139 2578 quia,
2203 2496 2314 2579 qui

175 2599 313 2641 non
360 2578 500 2641 uult
547 2577 853 2642 ecclesiae
885 2581 1144 2642 ianuam
1176 2587 1405 2664 sponte
1435 2578 1804 2644 humiliatus
1860 2579 2154 2666 ingredi,
2206 2605 2312 2648 ne-

178 2688 365 2730 cesse
408 2665 606 2732 habet
668 2669 735 2730 in
791 2667 1051 2731 ianuam
1107 2667 1341 2732 inferni
1385 2689 1514 2732 non
1560 2677 1786 2755 sponte
1834 2667 2171 2736 damnatus
2216 2673 2309 2736 in-

180 2754 459 2823 troduci.
522 2756 876 2821 Percussus
923 2758 1095 2822 enim
1142 2756 1456 2842 languore
1502 2767 1697 2843 atque
1729 2757 1812 2823 ad
1843 2769 2136 2824 extrema
2165 2784 2310 2848 per·

181 2845 415 2909 ductus
484 2846 741 2910 uocauit
804 2844 1039 2910 fratres
1094 2855 1161 2910 et
1219 2845 1494 2910 multum
1550 2869 1844 2912 maerens
1890 2869 1965 2913 ac
2011 2849 2313 2915 damnato

184 2934 411 2998 similis
473 2937 684 3021 coepit
734 2956 1029 3018 narrare,
1098 2936 1253 3020 quia
1305 2934 1557 3001 uideret
1623 2935 1860 3002 inferos
1921 2948 2178 3024 apertos
2250 2949 2315 3004 et

182 3022 503 3087 sathanan
548 3022 897 3089 dimersum
942 3025 1011 3089 in
1055 3023 1391 3110 profundis
1423 3027 1670 3104 tartari,
1721 3024 2140 3113 Caiphanque
2165 3050 2312 3092 cum

185 3114 441 3194 ceteris,
491 3114 602 3199 qui
648 3113 1017 3178 occiderunt
1063 3112 1412 3196 dominum,
1483 3115 1664 3178 iuxta
1709 3136 1857 3179 eum
1902 3115 2174 3180 flammis
2219 3117 2312 3180 ul·

184 3200 456 3265 tricibus
504 3201 962 3267 contraditum:
1014 3202 1099 3266 ‘in
1145 3225 1417 3288 quorum
1465 3204 1723 3268 uicinia’
1768 3205 1975 3290 inquit
2024 3204 2170 3270 ‘heu
2199 3207 2314 3269 mi-

188 3310 334 3354 sero
378 3289 536 3355 mihi
581 3291 791 3356 locum
840 3289 1121 3377 despicio
1168 3301 1472 3357 aeternae
1519 3291 1894 3379 perditionis
1941 3315 2080 3358 esse
2126 3315 2308 3379 prae-

186 3383 530 3462 paratum!
612 3378 971 3444 Audientes
1028 3379 1189 3445 haec
1254 3382 1489 3446 fratres
1552 3391 1902 3468 coeperunt
1965 3380 2312 3466 diligenter

189 3467 536 3550 exhortari,
584 3477 655 3533 ut
702 3470 807 3534 uel
851 3478 1007 3534 tunc
1056 3471 1300 3556 positus
1346 3470 1555 3535 adhuc
1585 3472 1650 3535 in
1683 3492 1952 3557 corpore
1983 3473 2311 3556 paeniten-

188 3556 349 3620 tiam
394 3556 653 3623 faceret.
746 3557 1203 3645 Respondebat
1247 3559 1354 3623 ille
1386 3558 1773 3645 desperans:
1826 3559 1996 3623 ‘Non
2029 3569 2126 3623 est
2158 3559 2314 3625 mihi

188 3645 375 3709 modo
422 3657 673 3733 tempus
719 3649 923 3712 uitam
967 3646 1277 3730 mutandi,
1327 3669 1474 3711 cum
1519 3651 1658 3734 ipse
1703 3648 1977 3713 uiderim
2006 3646 2314 3715 iudicium

190 3753 403 3800 meum
445 3737 574 3799 iam
621 3758 761 3802 esse
805 3736 1234 3824 completum.'

369 3823 557 3888 Talia
603 3824 821 3890 dicens
868 3828 1003 3892 sine
1050 3827 1283 3891 uiatico
1332 3827 1554 3890 salutis
1603 3824 1782 3912 obiit,
1817 3835 1882 3891 et
1913 3849 2144 3915 corpus
2177 3829 2312 3893 eius
