2723 4326
207 232 272 285 Π.
308 232 392 287 20.
2214 230 2335 296 101

209 408 435 495 quibus
471 406 566 472 VI
598 411 791 473 etiam
822 410 982 496 ipse,
1031 417 1104 473 ut
1135 409 1435 493 diximUS,
1485 407 1727 473 Christi
1772 430 1973 493 regno
2020 408 2339 492 militauit,

204 498 548 563 rebellauit
592 498 900 563 aduersus
948 520 1097 563 eum
1143 496 1492 563 Caedualla
1536 520 1655 561 rex
1701 497 2081 562 Brettonum
2094 549 2112 583 ,
2160 500 2339 562 auxi-

203 588 358 651 lium
428 589 784 674 praebente
850 587 943 653 illi
1007 586 1229 651 Penda
1294 590 1437 651 uiro
1508 588 1947 651 strenuissimo
2016 585 2099 651 de
2162 588 2343 671 regio

205 698 446 761 genere
475 676 886 762 Merciorum,
935 678 1046 763 qui
1077 687 1142 740 et
1171 678 1312 763 ipse
1343 699 1421 741 eo
1465 685 1755 763 tempore
1801 677 2011 761 gentis
2061 674 2345 740 eiusdem

202 787 406 849 regno
472 768 654 831 annis
712 766 946 850 uiginti
991 775 1058 830 et
1117 763 1367 830 duobus
1424 767 1607 830 uaria
1665 774 1837 829 sorte
1900 764 2214 850 praefuit:
2278 773 2343 828 et

207 863 502 920 conserto
551 856 738 938 graui
782 854 1026 940 proelio
1071 855 1140 919 in
1187 876 1437 942 campn,
1486 856 1597 940 qui
1641 864 1912 919 uocatur
1941 852 2341 937 Haethfelth,

206 946 454 1013 occisus
515 952 614 1009 est
672 942 954 1009 Aeduini
1020 944 1124 1009 die
1187 954 1421 1029 quarta
1476 943 1712 1008 Iduum
1774 941 2105 1027 Octobris,
2176 964 2343 1008 anno

206 1034 566 1099 dominicae
601 1035 1061 1098 incarnationis
1090 1031 1602 1117 DC⁰XXXIII⁰,
1652 1055 1798 1097 cum
1832 1042 2001 1098 esset
2032 1054 2345 1098 annorum

206 1121 639 1210 quadraginta
693 1132 758 1187 et
811 1132 985 1187 octo:
1055 1126 1318 1208 eiusque
1383 1132 1557 1187 totus
1626 1122 1728 1187 uel
1796 1124 2172 1186 interemtus
2238 1120 2344 1185 uel

205 1212 530 1299 dispersus
587 1219 686 1277 est
743 1216 1083 1277 exercitus.
1145 1211 1226 1276 In
1288 1233 1414 1298 quo
1474 1213 1667 1276 etiam
1725 1211 1896 1276 bello
1957 1220 2106 1275 ante
2166 1209 2345 1275 illum

203 1323 366 1366 unus
429 1299 600 1365 filius
661 1302 796 1365 eius
847 1298 1069 1365 Osfrid
1132 1301 1384 1365 iuuenis
1447 1300 1789 1366 bellicosus
1854 1299 2113 1383 cecidit,
2180 1300 2347 1364 alter

203 1389 476 1455 Eadfrid
522 1392 904 1455 necessitate
950 1400 1226 1474 cogente
1271 1389 1354 1455 ad
1391 1388 1679 1455 Pendam
1725 1410 1951 1475 regem
1995 1388 2344 1473 transfugit

204 1490 267 1544 et
305 1481 387 1544 ab
423 1502 500 1543 eo
545 1479 953 1565 postmodum
998 1488 1314 1565 regnante
1347 1478 1632 1545 Osualdo
1682 1488 1903 1543 contra
1947 1476 2144 1543 fidem
2188 1479 2346 1543 iuris

200 1568 458 1634 iurandi
505 1576 832 1654 peremtus
877 1575 994 1633 est.

381 1656 529 1737 Quo
590 1664 883 1743 tempore
943 1658 1229 1722 maxima
1288 1665 1388 1721 est
1446 1656 1621 1722 facta
1667 1666 1915 1741 strages
1960 1658 2027 1721 in
2075 1654 2346 1721 ecclesia

204 1746 307 1810 uel
379 1755 577 1830 gente
640 1744 1367 1833 Nordanhymbrorum,
1444 1747 1728 1811 maxime
1795 1745 1966 1831 quod
2032 1766 2193 1808 unus
2263 1766 2343 1808 ex
2440 1756 2443 1759 ’

203 1835 497 1919 ducibus,
545 1856 586 1899 a
617 1835 849 1921 quibus
894 1845 1042 1900 acta
1073 1844 1190 1919 est,
1239 1856 1555 1920 paganUS,
1604 1836 1787 1911 alter,
1836 1836 1988 1920 quia
2031 1833 2345 1897 barbarus

204 1936 342 1989 erat
399 1945 659 2011 pagano
717 1927 990 1989 saeuior.
1084 1922 1420 2010 Siquidem
1467 1924 1690 1989 Penda
1746 1946 1891 1987 cum
1951 1924 2124 1987 omni
2169 1922 2343 1987 Mer-

203 2016 450 2077 ciorum
510 2022 705 2097 gente
763 2012 949 2077 idolis
1015 2012 1266 2077 deditus
1327 2022 1394 2077 et
1457 2010 1806 2078 Christiani
1866 2022 2006 2077 erat
2068 2013 2344 2077 nominis

201 2106 496 2190 ignarus:
545 2111 613 2168 at
659 2125 812 2168 uero
857 2100 1224 2187 Caedualla,
1273 2104 1567 2190 quamuis
1613 2123 1849 2168 nomen
1894 2109 1959 2166 et
2004 2100 2345 2187 professio-

201 2216 350 2258 nem
397 2191 671 2258 haberet
719 2191 1097 2277 Christiani,
1160 2191 1320 2257 adeo
1369 2201 1587 2257 tamen
1648 2200 1786 2256 erat
1831 2192 2045 2257 animo
2091 2213 2166 2254 ac
2211 2212 2344 2255 mo-

197 2283 374 2348 ribus
423 2281 759 2365 barbarus,
805 2291 878 2345 ut
907 2303 991 2345 ne
1023 2284 1203 2346 sexui
1230 2281 1491 2367 quidem
1537 2280 1838 2346 muliebri
1882 2280 1986 2344 uel
2030 2279 2342 2344 innocuae

198 2372 620 2459 paruulorum
688 2379 985 2457 parceret
1051 2373 1286 2454 aetati,
1366 2373 1519 2457 quin
1595 2373 1927 2435 uniuersos
2002 2370 2343 2433 atrocitate

197 2461 405 2525 ferina
467 2462 663 2524 morti
721 2482 839 2545 per
899 2468 1218 2525 tormenta
1278 2459 1715 2544 contraderet,
1785 2458 1987 2523 multo
2047 2466 2341 2544 tempore

197 2558 367 2614 totas
416 2571 640 2614 eorum
688 2551 1051 2635 prouincias
1100 2547 1555 2615 debacchando
1599 2557 1993 2636 peruagatus
2026 2569 2102 2611 ac
2132 2555 2342 2611 totum

197 2659 400 2722 genus
449 2636 813 2723 Anglorum
863 2637 1222 2703 Brittaniae
1269 2636 1505 2702 finibus
1553 2659 1883 2703 erasurum
1932 2659 2000 2700 se
2048 2659 2189 2700 esse
2236 2636 2343 2701 de-

196 2728 501 2793 liberans,
598 2723 730 2791 Sed
774 2750 895 2791 nec
940 2728 1236 2811 religioni
1284 2726 1721 2810 Christianae,
1786 2747 1949 2811 quae
2005 2723 2174 2812 apud
2232 2747 2343 2790 eos

197 2825 426 2882 exorta
485 2824 656 2900 erat,
726 2814 968 2902 aliquid
1035 2818 1122 2880 im
1173 2815 1450 2881 endebat
1508 2816 1785 2880 honoris.
1882 2812 2139 2901 Quippe
2196 2837 2345 2879 cum

195 2929 402 2992 usque
470 2902 661 2970 hodie
724 2907 921 2970 moris
987 2907 1068 2969 sit
1189 2914 1513 2969 rettonum
1578 2903 1773 2970 fidem
1836 2903 2344 2990 religionemque

197 2994 565 3080 Anglorum
625 3015 742 3081 pro
803 2993 1001 3059 nihilo
1061 2993 1300 3059 habere
1359 3015 1568 3081 neque
1615 2996 1680 3058 in
1726 2993 1940 3079 aliquo
1990 2995 2081 3058 eis
2135 2995 2344 3076 magis

197 3084 677 3148 communicare
732 3105 926 3169 quam
983 3085 1274 3170 paganiS.
1368 3081 1678 3147 Adlatum
1728 3090 1827 3146 est
1882 3092 2094 3146 autem
2152 3090 2344 3167 caput

195 3173 483 3238 Aeduini
541 3173 718 3256 regis
763 3173 1137 3237 Eburacum
1184 3181 1250 3237 et
1295 3172 1569 3236 inlatum
1616 3180 1843 3258 postea
1887 3171 1957 3234 in
2004 3169 2343 3234 ecclesiam

194 3263 373 3328 beati
422 3261 698 3349 apostoli
729 3262 927 3345 Petri,
979 3283 1172 3347 quam
1203 3263 1341 3348 ipse
1391 3262 1624 3346 coepit,
1674 3259 1787 3324 sed
1834 3281 2162 3323 successor
2207 3259 2343 3323 eius

199 3349 526 3416 Osualdus
589 3350 890 3436 perfecit,
957 3361 1028 3414 ut
1092 3373 1284 3437 supra
1350 3349 1711 3432 docuimus,
1783 3348 2063 3433 positum
2124 3355 2219 3411 est
2277 3349 2342 3411 in

199 3442 456 3526 porticu
521 3441 726 3503 sancti
791 3461 997 3525 papae
1060 3437 1397 3524 Gregorii,
1466 3462 1504 3504 a
1565 3440 1743 3502 cuius
1809 3438 1946 3522 ipse
2014 3434 2343 3524 discipulis

197 3530 472 3594 uerbum
519 3529 697 3592 uitae
743 3537 1130 3615 susceperat.

380 3616 694 3682 Turbatis
750 3619 968 3702 itaque
1023 3618 1218 3681 rebus
1264 3616 1330 3680 N
1334 3613 1958 3701 ordanhymbrorum
2004 3613 2193 3678 huius
2240 3636 2339 3678 ar-

198 3707 390 3771 ticulo
454 3704 684 3789 cladiS,
744 3728 894 3770 cum
949 3704 1039 3770 nil
1085 3705 1320 3770 alicubi
1366 3704 1673 3791 praesidii
1717 3704 1842 3767 nisi
1887 3704 1955 3766 in
2001 3702 2159 3788 fuga
2205 3725 2343 3768 esse

198 3795 556 3879 uideretur,
621 3794 926 3859 Paulinus
987 3792 1281 3859 adsumta
1355 3815 1576 3858 secum
1634 3795 1861 3878 regina
1922 3791 2337 3876 Aedilberge,

200 3904 393 3968 quam
437 3884 692 3970 pridem
737 3881 1112 3967 adduxerat,
1159 3883 1352 3947 rediit
1383 3882 1682 3948 Cantiam
1728 3883 1989 3965 nauigio
2035 3891 2227 3966 atque
2258 3881 2340 3944 ab
