2723 4326
157 230 193 282 I.
229 231 315 285 27.
2211 228 2299 292 43

157 429 275 494 quo
321 408 538 473 omnis
572 408 765 494 culpa
808 406 1097 472 funditus
1130 406 1583 492 exstinguitur,
1632 403 1823 470 ualde
1869 405 2137 470 stultum
2178 414 2297 490 est,

156 499 204 561 si
249 496 495 562 donum
544 497 796 583 gratiae
843 493 1285 562 contradicere
1332 517 1521 582 posse
1567 491 1885 560 uideatur.

329 583 502 650 Cum
547 608 704 650 uero
749 587 939 651 enixa
983 584 1180 650 fuerit
1223 585 1476 668 mulier,
1524 593 1675 671 post
1708 593 1863 670 quot
1895 580 2032 648 dies
2063 580 2299 648 debeat

154 675 498 741 ecclesiam
541 675 786 740 intrare
798 724 816 758 ,
863 674 1240 740 testamenti
1284 674 1525 739 ueteris
1572 673 2027 759 praeceptione
2059 667 2295 757 (Leuit.

157 766 254 849 12,
304 765 370 830 4.
402 765 467 847 5)
513 761 817 848 didicisti,
865 772 938 829 ut
983 785 1102 850 pro
1149 763 1437 830 masculo
1484 761 1710 827 diebus
1755 762 2025 846 triginta
2070 760 2297 845 tribus,

153 876 266 940 pro
315 853 566 919 femina
611 862 826 918 autem
873 852 1104 918 diebus
1149 853 1491 938 sexaginta
1538 874 1655 916 sex
1685 849 1919 916 debeat
1948 851 2295 916 abstinere.

155 941 342 1021 Quod
377 951 600 1008 tamen
625 939 958 1008 sciendum
982 950 1096 1027 est,
1130 942 1282 1028 quia
1313 943 1380 1005 in
1404 943 1713 1026 mysterio
1738 940 2071 1028 accipitur.
2121 938 2295 1006 Nam

154 1035 204 1097 si
249 1031 416 1098 hora
461 1030 710 1116 eadem,
760 1052 890 1117 qua
935 1031 1253 1118 genuerit,
1299 1039 1527 1096 actura
1572 1030 1819 1115 gratias
1860 1031 2062 1094 intrat
2092 1028 2294 1094 eccle-

155 1122 346 1203 siam,
413 1121 590 1186 nullo
651 1122 905 1208 peccati
963 1118 1249 1208 pondere
1304 1129 1648 1206 grauatur:
1708 1118 2008 1206 uoluptas
2056 1119 2297 1183 etenim

155 1211 364 1278 carnis
381 1260 403 1294 ,
467 1232 596 1274 non
655 1208 837 1274 dolor
895 1211 964 1274 in
1024 1210 1216 1296 culpa
1260 1219 1377 1274 est.
1470 1207 1551 1274 In
1598 1209 1807 1274 carnis
1852 1217 2073 1273 autem
2121 1229 2293 1272 com-

155 1300 470 1364 mixtione
513 1299 813 1387 uoluptas
858 1309 986 1380 est3
1033 1319 1188 1364 nam
1233 1299 1298 1362 in
1345 1299 1543 1384 prolis
1590 1298 1947 1384 prolatione
1992 1298 2294 1382 gemitus.

155 1388 342 1455 Vnde
391 1396 459 1453 et
502 1390 624 1475 ipsi
685 1389 936 1475 primae
983 1389 1175 1453 matri
1222 1389 1511 1452 omnium
1554 1387 1789 1452 dicitur
1834 1386 2019 1470 (Gen.
2053 1389 2115 1470 3,
2147 1383 2292 1472 16):

161 1477 252 1542 ‘In
303 1477 637 1543 doloribus
685 1476 940 1564 paries.’
1033 1473 1109 1542 Si
1170 1477 1391 1563 itaque
1453 1476 1711 1541 enixam
1770 1475 2106 1541 mulierem
2151 1497 2297 1561 pro·

156 1564 450 1636 bibemus
519 1566 859 1632 ecclesiam
924 1567 1200 1648 intrare,
1269 1567 1478 1652 ipsam
1546 1567 1607 1630 ei
1669 1586 1945 1653 poenam
1998 1586 2182 1629 suam
2227 1565 2296 1629 in

158 1657 412 1742 culpam
459 1655 502 1721 d
585 1665 864 1722 utamus.
957 1653 1304 1740 Baptizare
1347 1665 1565 1719 autem
1612 1655 1719 1719 uel
1765 1655 2021 1720 enixam
2068 1653 2293 1718 mulie·

157 1768 316 1828 rem,
381 1743 487 1812 uel
578 1766 656 1812 oc
701 1742 876 1830 quod
921 1745 1248 1829 genuerit,
1295 1745 1350 1808 si
1396 1744 1623 1808 mortis
1667 1742 1955 1831 periculo
2002 1751 2294 1827 urgetur,

159 1835 257 1898 uel
287 1836 498 1920 ipsam
530 1833 689 1901 hora
718 1833 965 1917 eadem,
1015 1854 1144 1919 qua
1171 1833 1405 1918 gignit,
1453 1831 1559 1898 uel
1587 1831 1728 1916 hoc,
1764 1830 1933 1919 quod
1980 1832 2292 1917 gignitur,

161 1922 406 2006 eadem,
440 1945 569 2009 qua
598 1932 824 1988 natum
855 1931 971 2005 est,
1003 1920 1180 1987 nullo
1211 1919 1403 1986 modo
1434 1921 1845 2009 prohibetur:
1896 1923 2049 2007 quia
2087 1921 2297 1986 sancti

159 2013 450 2098 mysterii
513 2014 758 2095 gratia,
837 2013 1002 2076 siout
1060 2011 1431 2076 uiuentibus
1494 2019 1691 2096 atque
1761 2009 2292 2094 discernentibus,

162 2123 302 2167 cum
347 2122 589 2185 magna
636 2099 1023 2167 discretione
1069 2099 1474 2187 prouidenda
1518 2111 1647 2183 est3
1714 2101 1809 2165 ita
1864 2097 1991 2184 his,
2059 2099 2294 2186 quibus

161 2213 327 2257 mors
373 2192 666 2273 inminet,
715 2192 852 2255 sine
896 2189 1028 2254 ulla
1059 2188 1382 2255 dilatione·
1412 2188 1827 2278 proferenda3
1877 2209 1957 2253 ne
1998 2186 2151 2252 dum
2184 2188 2295 2253 ad-

160 2279 279 2345 huc
322 2289 580 2367 tempus
627 2278 711 2345 ad
757 2277 1199 2366 praebendum
1229 2277 1648 2344 redemtionis
1680 2279 2063 2366 mysterium
2096 2299 2292 2364 quae-

160 2372 319 2433 ritur
333 2418 351 2452 ,
417 2368 888 2434 interueniente
941 2368 1272 2455 paululum
1332 2390 1516 2435 mora
1566 2369 1841 2433 inueniri
1884 2388 2015 2432 non
2058 2366 2293 2451 ualeat,

162 2460 266 2545 qui
310 2458 689 2525 redimatur.

332 2545 441 2611 Ad
489 2548 625 2611 eius
669 2568 826 2612 uero
872 2546 1283 2612 concubitum
1329 2548 1432 2610 uir
1476 2566 1629 2609 suus
1674 2542 1983 2610 accedere
2029 2565 2155 2609 non
2186 2541 2294 2608 de·

159 2636 293 2720 bet,
343 2634 782 2722 quoadusque,
831 2637 942 2721 qui
988 2636 1304 2721 gignitur,
1363 2634 1743 2700 ablactatur.
1814 2633 2030 2699 Praua
2074 2641 2295 2698 autem

157 2725 220 2791 in
251 2728 744 2810 coniugatorum
776 2724 1062 2789 moribus
1093 2723 1487 2789 consuetudo
1528 2724 1827 2807 surrexit,
1875 2732 1948 2787 ut
1994 2723 2297 2788 mulieres

157 2811 338 2899 filios,
391 2836 550 2901 quos
597 2815 894 2899 gignunt,
942 2814 1190 2878 nutrire
1222 2822 1652 2895 contemnant,
1700 2833 1939 2898 eosque
1984 2812 2126 2877 aliis
2157 2834 2293 2877 mu-

156 2903 419 2969 lieribus
480 2900 562 2967 ad
621 2901 1032 2967 nutriendum
1091 2900 1352 2967 tradant
1368 2953 1385 2985 ,
1452 2900 1622 2988 quod
1684 2900 1985 2967 uidelicet
2032 2924 2116 2967 ex
2162 2901 2297 2966 sola

160 3014 350 3057 causa
395 2992 900 3057 incontinentiae
938 2992 1194 3057 uidetur
1225 2992 1589 3056 inuentum:
1640 2990 1811 3076 quia,
1858 2990 2010 3056 dum
2046 3013 2115 3056 se
2148 3012 2294 3055 con-

157 3083 362 3147 tinere
408 3082 657 3165 nolunt,
707 3079 1070 3168 despiciunt
1115 3080 1379 3162 lactare,
1430 3101 1588 3166 quos
1620 3081 1919 3164 gignunt.
1981 3078 2130 3144 Hae
2174 3081 2293 3143 ita-

160 3192 308 3257 que,
358 3192 528 3255 quae
574 3168 740 3233 filios
787 3191 937 3233 suos
984 3192 1067 3235 ex
1111 3191 1318 3255 praua
1364 3170 1824 3234 consuetudine
1868 3167 2009 3234 aliis
2055 3168 2140 3233 ad
2184 3189 2297 3230 nu-

159 3258 476 3325 triendum
524 3258 808 3341 tradunt,
855 3260 976 3323 nisi
1023 3259 1429 3346 purgationis
1460 3268 1710 3343 tempus
1742 3258 2091 3339 transierit,
2138 3256 2295 3320 uiris

161 3350 286 3413 suis
350 3369 482 3413 non
542 3347 782 3413 debent
843 3345 1211 3413 admisceri:
1283 3349 1523 3433 quippe
1592 3347 1701 3433 qui
1766 3354 1831 3410 et
1886 3346 2023 3410 sine
2072 3355 2304 3431 partus-

162 3459 371 3518 causa,
405 3458 554 3503 cum
585 3438 650 3501 in
667 3437 866 3501 suetis
895 3436 1243 3502 menstruis
1275 3436 1662 3519 detinentur,
1696 3436 1852 3498 uiris
1883 3434 2013 3498 suis
2036 3434 2297 3498 misceri

159 3525 605 3612 prohibentur3
667 3526 759 3591 ita
815 3533 888 3589 ut
953 3534 1158 3591 morte
1215 3524 1322 3589 lex
1388 3546 1573 3589 sacra
1637 3521 1869 3609 (Leuit.
1924 3520 2033 3609 15)
2082 3523 2292 3608 feriat,

163 3617 356 3701 siquis
394 3617 494 3680 uir
533 3613 614 3680 ad
647 3623 1113 3679 menstruatam
1146 3615 1480 3678 mulierem
1512 3612 1795 3679 accedat.
1867 3609 2049 3690 Quae
2080 3620 2299 3677 tamen

163 3705 408 3788 mulier,
455 3704 610 3768 dum
651 3703 1178 3769 consuetudinem
1222 3713 1622 3767 menstruam
1664 3702 1924 3787 patitur,
1971 3702 2299 3788 prohiberi

165 3794 498 3861 ecclesiam
543 3794 785 3857 intrare
827 3813 960 3857 non
1002 3792 1219 3877 debet,
1276 3793 1428 3877 quia
1472 3792 1533 3856 ei
1578 3801 1848 3857 naturae
1896 3790 2299 3877 superfluitas

166 3882 226 3945 in
269 3882 526 3969 culpam
572 3902 706 3946 non
751 3880 926 3946 ualet
973 3882 1286 3969 reputari3
1351 3889 1419 3945 et
1482 3903 1598 3967 per
1645 3878 1797 3960 hoc,
1863 3879 2035 3967 quod
2095 3881 2299 3945 inuita
