2723 4326
411 226 452 287 2
2358 223 2540 274 Praes.

410 409 596 485 gesta
639 399 841 482 fuere,
887 399 992 462 uel
1037 399 1445 463 monimentis
1491 397 1853 463 litterarum
1898 400 2001 463 uel
2042 401 2363 463 seniorum
2407 409 2541 464 tra-

410 490 654 553 ditione
716 497 1141 572 cognouerat:
1207 497 1272 552 et
1333 510 1412 552 ea
1469 487 1628 551 mihi
1683 488 1761 553 de
1809 488 1936 572 his,
2000 510 2167 574 quae
2228 491 2545 553 memoria

409 579 608 662 digna
653 575 1069 658 uidebantur,
1132 599 1250 664 per
1284 577 1660 679 religiosum
1703 576 2171 641 Lundoniensis
2226 577 2539 642 ecclesiae

409 667 862 770 presbyterum
894 666 958 730 N
963 665 1336 748 othelmum
1385 668 1522 730 siue
1567 666 1797 729 litteris
1839 666 2141 730 mandata
2173 669 2309 731 siue
2340 668 2545 754 ipsius

408 754 745 820 Nothelmi
789 757 941 820 uiua
987 777 1147 820 uoce
1192 754 1551 838 referenda,
1599 756 1973 820 transmisit.
2062 754 2190 834 Qui
2238 753 2546 821 uidelicet

410 843 798 910 Nothelmus
861 854 1089 930 postea
1146 845 1421 907 Romam
1481 845 1743 908 ueniens
1810 845 2143 908 nonnullas
2206 845 2300 909 ibi
2366 845 2546 910 beati

411 932 720 1016 Gregorii
776 955 986 1020 papae
1055 933 1244 998 simul
1303 942 1371 996 et
1432 933 1706 997 aliorum
1773 932 2150 1019 pontificum
2208 935 2541 1020 epistulae,

409 1033 813 1109 perscrutato
874 1021 1160 1086 eiusdem
1226 1030 1489 1085 sanctae
1555 1021 1867 1087 ecclesiae
1912 1021 2244 1087 Romanae
2306 1025 2543 1089 scrinio

409 1115 728 1200 permissu
777 1112 942 1196 eius,
1009 1112 1119 1197 qui
1175 1133 1345 1175 nunc
1406 1111 1527 1196 ipsi
1575 1110 1885 1176 ecclesiae
1930 1121 2188 1197 praeest
2234 1111 2547 1196 Gregorii

411 1201 750 1288 pontificis,
799 1202 1062 1283 inuenit,
1111 1221 1535 1286 reuersusque
1581 1200 1764 1264 nobis
1809 1211 2066 1265 nostrae
2104 1200 2460 1266 historiae
2442 1225 2545 1266 m-

411 1290 712 1354 serendas
745 1311 890 1353 cum
925 1288 1187 1352 consilio
1232 1289 1516 1391 praefati
1546 1288 1769 1353 Albini
1798 1291 2303 1354 reuerentissimi
2335 1293 2543 1378 patris

410 1379 662 1444 adtulit.
752 1376 814 1440 A
873 1379 1189 1464 principio
1254 1380 1473 1463 itaque
1541 1379 1882 1442 uoluminis
1942 1378 2128 1444 huius
2188 1401 2393 1465 usque
2458 1380 2546 1444 ad

410 1479 701 1572 tempus,
764 1490 889 1552 quo
951 1489 1113 1550 gens
1159 1466 1522 1570 Anglorum
1566 1466 1761 1532 fidem
1807 1467 2050 1533 Christi
2096 1471 2409 1555 percepit,
2459 1491 2545 1534 ex

409 1559 697 1644 priorum
745 1557 1028 1620 maxime
1075 1557 1331 1642 scriptis
1361 1555 1510 1620 hinc
1539 1556 1689 1621 inde
1721 1557 2005 1622 collectis
2039 1579 2133 1641 ea,
2183 1580 2349 1643 quae
2395 1581 2544 1645 pro-

410 1668 752 1727 meremus,
802 1643 1158 1710 didicimus.
1251 1645 1507 1710 Exinde
1563 1655 1781 1710 autem
1843 1668 2045 1732 usque
2110 1646 2191 1710 ad
2244 1657 2545 1733 tempora

409 1737 798 1822 praesentia,
849 1756 1012 1820 quae
1057 1736 1125 1798 in
1172 1735 1449 1799 ecclesia
1493 1731 1987 1799 Cantuariorum
2030 1758 2149 1821 per
2195 1733 2543 1840 discipulos

409 1826 583 1889 beati
629 1845 836 1910 papae
869 1822 1172 1908 Gregorii
1220 1825 1357 1888 siue
1406 1845 1805 1888 successores
1838 1846 2057 1888 eorum
2104 1824 2209 1890 1161
2250 1825 2368 1889 sub
2403 1827 2543 1911 qui·

409 1915 530 1978 bus
573 1913 838 1997 regibus
885 1922 1073 1997 gesta
1111 1915 1255 1996 sint,
1306 1915 1650 1977 memorati
1680 1911 1932 1976 abbatis
1964 1912 2188 1978 Albini
2217 1913 2542 1980 industria

408 2001 777 2085 Nothelm0‚
825 2011 898 2065 ut
928 2000 1226 2085 diximus,
1276 2002 1643 2089 perferente
1674 2003 2111 2085 cognouimus.
2178 2000 2307 2080 Qui
2338 2006 2540 2069 etiam

409 2092 780 2179 prouinciae
829 2089 1258 2156 Orientalium
1304 2090 1495 2154 simul
1543 2101 1607 2156 et
1640 2088 2156 2156 Occidentalium
2202 2089 2541 2158 Saxonum

408 2206 527 2247 nec
571 2204 700 2247 non
741 2191 804 2245 et
838 2179 1265 2246 Orientalium
1311 2179 1677 2265 Anglorum
1723 2191 1918 2267 atque
1963 2181 2027 2245 N
2033 2180 2539 2267 ordanhymbro-

405 2294 585 2355 rum,
633 2294 673 2335 a
719 2270 950 2357 quibus
1007 2269 1411 2356 praesulibus
1470 2270 1577 2334 uel
1639 2292 1911 2355 quorum
1965 2280 2257 2356 tempore
2304 2294 2540 2357 regum

408 2363 687 2446 gratiam
748 2358 1071 2444 euangelii
1127 2359 1574 2447 perceperint,
1638 2359 1942 2425 nonnulla
1998 2359 2157 2423 mihi
2218 2382 2300 2424 ex
2352 2373 2543 2447 parte

408 2448 845 2536 prodiderunt.
939 2448 1239 2533 Denique
1305 2446 1564 2513 hortatu
1623 2450 1967 2534 praecipue
2030 2450 2230 2535 ipsius
2291 2447 2540 2535 Albini,

405 2549 479 2603 ut
523 2538 645 2602 hoc
691 2559 850 2624 opus
897 2537 1172 2622 aggredi
1217 2536 1556 2620 auderem,
1605 2547 1991 2624 prouocatus
2039 2560 2201 2605 sum.
2294 2536 2429 2604 Sed
2477 2552 2545 2605 et

405 2626 687 2692 Danihel
739 2627 1296 2691 reuerentissimus
1347 2624 1867 2691 Occidentalium
1913 2625 2244 2691 Saxonum
2292 2631 2540 2714 episco-

407 2740 549 2804 puS,
598 2716 709 2801 qui
753 2738 924 2780 nunc
969 2738 1173 2801 usque
1222 2725 1533 2819 superest,
1581 2716 1889 2780 nonnulla
1933 2716 2091 2780 mihi
2141 2715 2222 2781 de
2268 2716 2545 2783 historia

408 2806 841 2871 ecclesiastica
893 2806 1263 2891 prouinciae
1317 2806 1517 2891 ipsius
1574 2805 1763 2869 simul
1809 2815 1874 2869 et
1921 2807 2215 2890 proxima
2260 2806 2354 2870 illi
2401 2806 2540 2872 Au-

409 2893 700 2959 stralium
733 2890 1064 2957 Saxonum
1109 2917 1228 2958 nec
1257 2916 1388 2959 non
1419 2903 1485 2957 et
1516 2894 1750 2958 Vectae
1794 2894 2038 2958 insulae
2085 2895 2316 2959 litteris
2365 2919 2544 2962 man-

407 2985 561 3049 data
605 2983 974 3047 declarauit.
1045 2981 1340 3061 Qualiter
1384 3006 1537 3047 uero
1584 3006 1703 3068 per
1748 2985 2173 3048 ministerium
2222 2983 2428 3049 Ceddi
2477 2996 2546 3051 et

407 3070 668 3139 Ceadda
741 3071 1190 3157 religiosorum
1252 3070 1494 3136 Christi
1566 3070 1967 3137 sacerdotum
2036 3073 2140 3137 uel
2206 3076 2546 3158 prouincia

404 3162 795 3228 Merciorum
821 3161 904 3226 ad
933 3161 1129 3227 fidem
1154 3158 1413 3245 Christi,
1448 3182 1639 3247 quam
1670 3184 1799 3226 non
1829 3171 2118 3247 nouerat,
2151 3166 2542 3249 peruenerit,

405 3252 511 3316 uel
557 3252 892 3338 prouincia
925 3248 1353 3315 Orientalium
1384 3250 1714 3317 Saxonum
1759 3248 1971 3354 fidem,
2020 3273 2213 3337 quam
2246 3252 2401 3316 olim
2435 3276 2543 3319 ex-

408 3340 809 3421 sufflauerat,
870 3341 1385 3425 recuperauerit‚
1451 3340 1657 3426 qualis
1704 3342 1900 3404 etiam
1946 3341 2231 3425 ipsorum
2276 3352 2542 3427 patrum

407 3432 543 3493 uita
587 3429 693 3494 uel
739 3429 952 3493 obitus
984 3430 1292 3511 extiterit,
1342 3391 1687 3513 diligenter
1718 3452 1757 3493 a
1786 3429 2094 3493 fratribus
2142 3434 2540 3516 monasterii,

410 3518 580 3605 quod
623 3519 765 3584 ab
747 3520 902 3606 ipsis
952 3517 1278 3582 conditum
1310 3516 1747 3602 Laestingaeu
1791 3521 2297 3603 cognominatur,
2344 3543 2544 3604 agno-

408 3609 638 3671 uimus.
729 3610 934 3673 Porro
980 3610 1046 3671 in
1093 3608 1429 3694 prouincia
1462 3604 1893 3672 Orientalium
1940 3607 2321 3693 Anglorum,
2372 3632 2542 3695 quae

407 3696 642 3760 fuerint
674 3707 860 3781 gesta
890 3697 1345 3781 ecclesiastica,
1390 3698 1627 3781 partim
1660 3719 1743 3760 ex
1774 3697 2029 3782 scriptis
2060 3698 2163 3761 uel
2194 3698 2544 3765 traditione

408 3785 715 3871 priorum,
763 3788 998 3871 partim
1042 3786 1550 3851 reuerentissimi
1594 3786 1847 3851 abbatis
1880 3786 1995 3849 Esi
2024 3786 2335 3851 relatione·
2365 3810 2543 3853 com-

409 3876 711 3961 perimus,
788 3873 881 3939 At
927 3897 1081 3939 uero
1128 3877 1194 3939 in
1239 3876 1573 3961 prouincia
1612 3872 1915 3958 Lindissi,
1966 3896 2131 3959 quae
2176 3877 2304 3940 sint
2352 3889 2545 3961 gesta
