2723 4326
430 167 516 233 34
1928 160 1937 168 ’
2258 168 2303 222 Ι.
2341 169 2571 224 24-25.

431 351 810 430 pergentem
868 343 1150 430 benigne
1203 344 1585 431 susciperet,
1646 345 1923 428 litterae,
1984 366 2259 431 quarum
2303 347 2429 412 iste
2476 357 2572 412 est

431 441 676 497 textus:
2132 458 2145 468 ‘

610 520 1178 587 ‘Reuerentissimo
1239 529 1306 587 et
1363 522 1767 588 sanctissimo
1812 522 2002 588 fratri
2040 521 2315 588 Etherio
2361 526 2575 611 coepi-

431 633 627 698 scopo
675 608 1037 696 Gregorius
1085 633 1309 676 seruus
1357 633 1695 677 seruorum
1744 611 1867 677 dei.

611 697 798 764 Licet
855 700 1028 787 apud
1091 699 1461 766 sacerdotes
1517 698 1829 766 habentes
1876 698 1995 765 deo
2057 701 2365 787 placitam
2416 704 2573 766 cari-

433 797 637 854 tatem
668 789 956 874 religiosi
986 789 1112 854 uiri
1143 789 1379 855 nullius
1413 789 1969 856 commendatione
2009 787 2374 874 indigeant3
2426 793 2576 877 quia

435 887 657 943 tamen
701 888 924 965 aptum
973 877 1298 943 scribendi
1358 901 1428 944 se
1487 887 1743 965 tempus
1808 879 2076 964 ingessit
2094 929 2113 963 ,
2177 879 2576 946 fraternitati

431 976 687 1033 uestrae
734 977 956 1032 nostra
1000 968 1261 1032 mittere
1308 970 1552 1055 scripta
1582 969 1973 1034 curauimus:
2022 969 2441 1052 insinuantes,
2488 970 2574 1034 la-

429 1066 603 1122 tores
647 1056 1089 1143 praesentium
1119 1054 1560 1142 Augustinum
1606 1079 1865 1122 seruum
1911 1057 2034 1141 dei,
2084 1056 2167 1122 de
2198 1060 2381 1123 cuius
2414 1060 2575 1124 certi

433 1169 653 1210 sumus
701 1144 934 1231 studio,
985 1167 1131 1209 cum
1178 1145 1319 1210 aliis
1368 1148 1573 1212 seruis
1620 1146 1743 1229 dei,
1790 1146 1921 1211 illic
1964 1168 2081 1211 nos
2127 1169 2244 1233 pro
2292 1147 2575 1214 utilitate

431 1237 795 1306 animarum
841 1234 1194 1300 auxiliante
1226 1234 1485 1300 domino
1516 1233 1858 1301 direxisse:
1908 1257 2100 1322 quem
2145 1258 2415 1302 necesse
2454 1248 2576 1322 est,

433 1334 506 1388 ut
559 1323 944 1389 sacerdotali
999 1321 1209 1388 studio
1265 1325 1570 1389 sanctitas
1614 1335 1837 1390 uestra
1880 1323 2191 1390 adiuuare
2239 1333 2307 1390 et
2352 1348 2471 1391 sua
2520 1329 2577 1392 ei

433 1412 674 1477 solacia
718 1412 1036 1499 praebere
1082 1412 1369 1480 festinet.
1462 1412 1587 1479 Oui
1632 1415 1863 1495 etiam,
1930 1423 2001 1478 ut
2058 1417 2448 1501 promtiores
2497 1415 2577 1480 ad

435 1500 922 1586 suffragandum
967 1502 1225 1588 possitis
1273 1503 1581 1586 existere,
1642 1525 1905 1568 causam
1950 1502 2133 1568 uobis
2179 1503 2578 1570 iniunximus

435 1590 757 1656 subtiliter
815 1589 1128 1676 indicare3
1192 1592 1470 1656 scientes
1531 1589 1735 1678 quod,
1794 1615 1873 1657 ea
1930 1594 2221 1676 cognita,
2272 1602 2417 1659 tota
2458 1617 2578 1659 uos

432 1689 705 1767 propter
751 1678 945 1764 deum
991 1680 1330 1745 deuotione
1376 1678 1459 1746 ad
1507 1681 1962 1764 solaciandum,
2012 1683 2165 1766 quia
2207 1704 2314 1746 res
2347 1683 2576 1768 exigit,

433 1768 875 1835 commodetis.
969 1767 1330 1834 Candidum
1378 1779 1721 1856 praeterea
1764 1771 2241 1857 presbyterum,
2292 1793 2577 1837 commu-

433 1881 583 1924 nem
642 1856 876 1944 filium,
935 1880 1124 1945 quem
1172 1857 1254 1923 ad
1303 1859 1839 1944 gubernationem
1887 1859 2321 1946 patrimonioli
2376 1863 2577 1926 eccle-

434 1949 570 2014 siae
631 1957 890 2013 nostrae
949 1948 1457 2031 transmisimus,
1520 1949 1774 2014 caritati
1832 1958 2087 2013 uestrae
2149 1951 2217 2014 in
2278 1951 2577 2017 omnibus

431 2036 976 2102 commendamus.
1070 2036 1252 2102 Deua
1307 2046 1373 2101 te
1425 2036 1815 2102 incolumem
1862 2035 2210 2123 custodiat,
2267 2061 2575 2106 reueren-

433 2128 679 2193 tissime
725 2125 946 2193 frater.

604 2216 781 2283 Data
814 2215 918 2281 die
949 2215 1200 2280 decima
1229 2214 1674 2281 Kalendarum
1704 2216 2173 2301 Augustarum,
2210 2218 2578 2305 imperante

430 2305 688 2371 domino
732 2315 954 2371 nostro
1001 2303 1318 2370 Mauricio
1369 2304 1634 2370 Tiberio
1696 2306 1984 2392 piissimo
2032 2306 2353 2392 AugustO,
2405 2331 2573 2375 anno

429 2394 677 2460 decimo
725 2403 954 2482 quarto
969 2444 989 2478 ,
1055 2402 1204 2481 post
1266 2394 1666 2459 consulatum
1732 2393 2020 2460 eiusdem
2081 2393 2325 2461 domini
2370 2401 2575 2463 nostri

427 2506 599 2549 anno
645 2482 896 2549 decimo
945 2483 1158 2567 tertio,
1207 2483 1557 2549 indictione
1603 2484 1857 2550 decima
1901 2484 2170 2569 quarta.'

1442 2699 1549 2763 25.

433 2827 517 2883 vt
565 2827 823 2881 ueniens
861 2827 1244 2884 Brittaniam
1281 2827 1668 2895 Augustinus
1720 2827 1921 2897 prImo
1974 2828 2041 2883 ln
2088 2829 2297 2885 insula
2336 2832 2575 2887 'l'anato

437 2912 588 2965 rege
615 2896 1092 2954 Cantuariorum
1129 2899 1527 2969 praedicaret
1540 2915 1563 2967 3
1605 2899 1669 2954 et
1708 2899 1801 2954 sie
1827 2900 2081 2969 accepta
2106 2901 2182 2956 ab
2210 2915 2281 2956 eo
2308 2901 2577 2959 lieentia

897 2968 1179 3026 cantiam
1217 2971 1696 3039 praedicaturus
1734 2970 2103 3027 intrauerit.

603 3104 969 3171 Roboratus
1016 3126 1173 3191 ergo
1229 3105 1714 3171 confirmatione
1771 3105 1949 3171 beati
2002 3108 2207 3193 patris
2263 3104 2577 3193 Gregorii

426 3194 832 3279 Augustinus
881 3216 1028 3260 cum
1074 3195 1332 3261 famulis
1380 3194 1641 3280 Christi,
1690 3197 1800 3281 qui
1841 3205 2023 3260 erant
2070 3218 2217 3261 cum
2251 3218 2348 3281 e0,
2382 3199 2574 3263 rediit

428 3286 495 3348 in
542 3307 704 3373 opus
751 3285 936 3350 uerbi
983 3286 1406 3371 peruenitque
1450 3284 1861 3349 Brittaniam.
1940 3284 2105 3350 Erat
2151 3307 2225 3349 eo
2274 3294 2573 3374 tempore

429 3396 548 3437 rex
591 3372 1046 3440 Aedilberctus
1093 3376 1159 3438 in
1206 3371 1442 3439 Cantia
1485 3374 2002 3460 potentissimus,
2070 3375 2181 3460 qui
2241 3374 2326 3439 ad
2374 3376 2570 3441 confi·

429 3464 605 3527 nium
651 3485 851 3549 usque
898 3462 1240 3528 Humbrae
1285 3463 1565 3527 fluminis
1612 3462 1897 3547 maximi,
1947 3484 2072 3549 quo
2120 3460 2467 3529 meridiani
2514 3474 2575 3529 et
2675 3494 2676 3531 1

429 3553 963 3638 septentrionales
993 3550 1358 3638 Anglorum
1405 3553 1628 3639 populi
1660 3551 2073 3636 dirimuntur,
2121 3550 2281 3617 fines
2314 3554 2573 3641 imperii
2675 3592 2676 3637 3

429 3640 813 3707 tetenderat.
907 3642 1031 3705 Est
1092 3650 1311 3706 autem
1377 3642 1461 3706 ad
1528 3641 1905 3706 orientalem
1970 3639 2239 3706 Cantiae
2305 3642 2573 3727 plagam
2675 3638 2676 3647 ’

431 3728 719 3794 Tanatos
780 3732 991 3795 insula
1048 3753 1179 3796 non
1237 3729 1524 3816 modica,
1586 3729 1653 3795 id
1700 3738 1799 3795 est
1862 3728 2327 3815 magnitudinis
2392 3734 2572 3796 iuxta

432 3818 960 3885 consuetudinem
1013 3820 1478 3885 aestimationis
1524 3817 1915 3905 Anglorum,
1977 3820 2369 3885 familiarum
2432 3844 2570 3887 sex-
