2723 4326
460 203 550 268 86
2266 198 2341 250 11.
2384 198 2614 252 11—12.

455 379 976 465 frequentatione
1037 375 1415 462 succendat,
1484 384 1553 440 ut
1609 376 1897 464 profecto
1957 397 2181 442 sacrae
2242 377 2612 464 scripturae

454 469 893 532 testimonium
969 491 1088 556 per
1162 475 1226 531 te
1303 466 1630 553 expletum
1714 465 2151 532 indubitanter
2241 466 2613 553 perclareat

456 552 534 642 (I
559 556 697 621 Cor.
735 559 793 640 7,
832 555 972 644 14):
1028 553 1441 644 „Saluabitur
1472 557 1572 620 uir
1612 553 1885 619 infidelis
1916 577 2034 642 per
2064 554 2409 618 mulierem
2460 553 2611 620 fide-

454 643 647 712 lem.“
741 645 849 711 Ad
893 646 1013 711 hoc
1079 646 1251 710 enim
1315 641 1825 710 misericordiam
1900 643 2257 709 dominicae
2336 645 2611 730 pietatis

455 744 806 800 consecuta
844 758 942 818 es,
1003 743 1075 798 ut
1136 733 1416 799 fructum
1474 731 1626 797 fidei
1673 732 2189 817 creditorumque
2236 731 2360 797 tibi
2406 734 2607 798 bene-

451 823 745 888 ficiorum
817 823 1164 890 redemtori
1230 833 1343 888 tuo
1412 820 1832 907 multiplicem
1907 824 2292 906 resignares,
2413 819 2610 901 Quod

455 912 754 999 equidem
801 912 1205 998 suffragante
1252 912 1572 999 praesidio
1620 910 2033 996 benignitatis
2086 911 2316 996 ipsius,
2377 918 2455 975 ut
2504 933 2607 975 ex-

453 1002 631 1090 plere
686 1001 931 1084 ualeas,
995 1001 1268 1067 assiduis
1312 1023 1443 1066 non
1487 999 1851 1066 desistimus
1895 999 2198 1086 precibus
2244 999 2605 1085 postulare.

630 1091 755 1155 His
803 1111 960 1176 ergo
1028 1091 1432 1179 praemissis,
1496 1098 1805 1176 paternae
1851 1089 2034 1154 uobis
2081 1087 2450 1152 dilectionis
2501 1113 2609 1154 ex-

452 1179 748 1245 hibentes
795 1178 1037 1264 officia,
1104 1179 1464 1263 hortamur,
1530 1189 1603 1243 ut
1648 1200 1763 1242 nos
1807 1185 2066 1272 reperta
2110 1178 2453 1262 portitoris
2504 1201 2608 1242 oc-

455 1271 714 1334 casione
745 1267 828 1333 de
858 1269 977 1352 his,
1027 1291 1189 1356 quae
1235 1291 1353 1355 per
1384 1290 1501 1332 uos
1548 1289 1827 1354 superna
1871 1267 2161 1353 potentia
2207 1266 2608 1332 mirabiliter

449 1360 517 1422 in
584 1360 1067 1423 conuersatione
1166 1358 1459 1442 coniugis
1534 1357 1732 1420 uestri
1823 1355 2333 1442 summissaeque
2414 1357 2607 1422 uobis

455 1448 667 1532 gentis
699 1445 999 1532 dignatus
1029 1447 1224 1511 fuerit
1256 1446 1530 1533 operari,
1579 1446 1905 1533 prosperis
1944 1445 2324 1532 quantocius
2359 1449 2607 1511 nuntiis

455 1535 793 1618 releuetis‚
880 1545 1194 1620 quatenus
1259 1532 1621 1600 sollicitudo
1684 1543 1934 1617 nostra,
2017 1554 2181 1619 quae
2246 1530 2329 1597 de
2396 1538 2607 1600 uestri

453 1633 946 1711 uestrorumque
979 1625 1262 1690 omnium
1293 1626 1545 1689 animae
1575 1621 1780 1687 salute
1814 1621 2122 1710 optabilia
2152 1619 2605 1688 desideranter

455 1722 808 1800 exspectat,
856 1713 1040 1778 uobis
1086 1712 1527 1779 nuntiantibus
1586 1711 1923 1796 releuetur‚
1970 1711 2607 1798 illustrationemque

454 1801 711 1867 diuinae
765 1803 1236 1889 propitiationis
1280 1803 1350 1866 in
1396 1801 1579 1866 uobis
1626 1799 1923 1866 diffusam
1979 1798 2341 1886 opulentius
2398 1823 2603 1886 agno-

455 1900 725 1974 scentes,
772 1890 958 1956 hilari
1003 1890 1400 1957 confessione
1443 1889 1733 1974 largitori
1781 1890 2065 1954 omnium
2108 1888 2435 1954 bonorum
2481 1890 2601 1956 deo

453 1989 520 2046 et
552 1980 744 2045 beato
775 1979 972 2045 Petro
1018 1979 1453 2068 apostolorum
1496 1977 1774 2065 principi
1809 1978 2043 2044 uberes
2083 1979 2313 2043 merito
2349 1983 2603 2064 gratias

455 2071 881 2135 exsoluamus.
1052 2087 1061 2094 ·

632 2158 979 2225 Praeterea
1062 2154 1582 2222 benedictionem
1676 2156 2057 2243 protectoris
2131 2157 2337 2220 uestri
2416 2157 2602 2224 beati

454 2249 634 2313 Petri
681 2248 1115 2336 apostolorum
1162 2246 1471 2333 principis
1517 2244 1700 2309 uobis
1746 2242 2130 2327 direximus,
2188 2244 2255 2309 id
2304 2255 2408 2311 est
2458 2271 2603 2334 spe-

454 2338 666 2402 culum
714 2345 1093 2422 argenteum
1139 2344 1205 2400 et
1250 2335 1573 2422 pectinem
1618 2333 1923 2398 eboreum
1970 2334 2371 2399 inauratum:
2424 2336 2602 2422 quod

452 2417 752 2513 petimu's,
799 2435 872 2489 ut
896 2447 972 2491 eo
1018 2424 1435 2509 benignitatis
1481 2423 1694 2486 animo
1740 2423 1949 2507 gloria
1994 2432 2214 2488 uestra
2261 2427 2597 2513 suscipiat,

455 2538 581 2602 quo
629 2538 670 2581 a
714 2514 896 2579 nobis
940 2516 1225 2579 noscitur
1271 2512 1697 2578 destinatum.'

1473 2743 1577 2811 12.

458 2900 537 2956 vt
581 2899 846 2956 Aeduini
892 2914 1005 2969 per
1051 2900 1357 2957 uisionem
1404 2898 1706 2969 quondam
1750 2898 1874 2955 sibi
1922 2899 2094 2956 exuli
2141 2899 2461 2957 ostensam
2514 2902 2600 2959 slt

1063 2990 1141 3045 ad
1178 2989 1548 3046 credendum
1585 2987 1981 3058 prouocatus.

633 3133 820 3199 Haec
868 3133 1126 3221 quidem
1187 3142 1580 3199 memoratus
1636 3156 1806 3219 papa
1849 3132 2214 3199 Bonifatius
2262 3133 2343 3199 de
2392 3136 2599 3202 salute
2692 3208 2694 3211 Α

457 3225 630 3309 regis
676 3222 956 3288 Aeduini
1021 3246 1097 3287 ac
1157 3225 1371 3307 gentis
1429 3224 1627 3310 ipsius
1684 3222 1921 3288 litteris
1982 3223 2239 3309 agebat.
2336 3222 2479 3291 Sed
2539 3234 2599 3291 et
2692 3300 2694 3312 Ε

459 3312 788 3376 oraculum
837 3310 1143 3395 caeleste,
1194 3309 1364 3397 quod
1396 3311 1486 3374 illi
1534 3309 1854 3397 quondam
1901 3312 2188 3376 exulanti
2218 3312 2395 3399 apud
2425 3314 2594 3379 Red-

457 3398 723 3465 ualdum
782 3423 1007 3486 regem
1049 3399 1414 3485 Anglorum
1474 3400 1679 3486 pietas
1724 3399 1940 3465 diuina
1985 3401 2280 3467 reuelare
2329 3401 2598 3486 dignata
2690 3446 2692 3449 ⁴

461 3498 581 3572 est,
627 3511 756 3554 non
801 3492 1136 3554 minimum
1183 3487 1264 3553 ad
1312 3487 1716 3575 suscipienda
1760 3489 1863 3553 uel
1899 3489 2334 3576 intellegenda
2366 3489 2594 3557 doctri-

460 3599 585 3642 nae
629 3579 874 3643 monita
929 3580 1226 3643 salutaris
1287 3600 1541 3642 sensum
1597 3578 1759 3641 iuuit
1801 3578 1987 3643 illius.
2084 3578 2249 3643 Cum
2298 3601 2458 3666 ergo
2506 3582 2591 3645 ui-

463 3662 645 3729 deret
676 3666 980 3731 Paulinus
1027 3666 1371 3732 difficulter
1403 3688 1589 3753 posse
1637 3666 2093 3735 sublimitatem
2125 3669 2325 3732 animi
2358 3671 2591 3756 regalis

465 3751 546 3816 ad
591 3753 1017 3819 humilitatem
1061 3757 1207 3820 uiae
1252 3755 1550 3820 salutaris
1598 3764 1661 3819 et
1709 3754 2182 3842 suscipiendum
2214 3762 2592 3843 mysterium

464 3840 760 3906 uiuificae
821 3845 1027 3907 crucis
1085 3844 1406 3929 inclinari,
1473 3866 1550 3909 ac
1606 3865 1724 3930 pro
1784 3845 1987 3911 salute
2046 3846 2218 3912 illius
2278 3848 2471 3913 simul
2534 3854 2591 3911 et
2686 3908 2688 3915 .
