2723 4326
421 227 507 290 22
2382 228 2428 281 Ι.
2469 228 2563 282 14-

420 401 785 488 relinquens
831 402 1066 468 multos
1097 425 1319 469 eorum
1352 405 1567 489 coegit
1598 405 1802 470 uictas
1834 404 2082 471 infestis
2122 403 2559 492 praedonibus

422 488 576 556 dare
621 512 864 578 manus,
915 491 1071 558 alios
1115 515 1270 557 uero
1310 515 1679 580 numquam,
1730 496 1884 581 quin
1914 497 2124 581 potius
2158 493 2557 560 confidentes

420 581 487 646 in
535 579 855 665 diuinum,
914 583 1027 647 ubi
1088 581 1441 648 humanum
1485 583 1811 665 cessabat,
1873 584 2208 668 auxilium,
2260 581 2337 648 de
2394 585 2565 670 ipsis

422 669 771 754 montibus,
834 671 1154 757 speluncis
1199 695 1277 736 ac
1322 672 1591 738 saltibus
1640 674 1939 737 continue
1985 671 2415 738 rebellabant:
2484 681 2563 737 et

422 771 559 823 tum
619 761 897 846 primum
957 761 1259 843 inimicis,
1318 761 1428 847 qui
1481 783 1597 848 per
1644 761 1877 826 multos
1924 783 2122 827 annos
2167 761 2440 848 praedas
2486 763 2561 825 in

424 857 597 912 terra
643 849 946 932 agebant,
994 859 1244 935 strages
1293 848 1446 914 dare
1480 859 1846 937 coeperunt.
1924 850 2362 916 Reuertuntur
2393 872 2566 936 ergo

423 935 825 1022 impudentes
873 947 1270 1021 grassatores
1302 937 1581 1003 Hiberni
1626 939 1871 1024 domus,
1920 948 2067 1027 post
2113 962 2241 1004 non
2286 940 2563 1024 longum

425 1034 680 1113 tempus
745 1029 1093 1111 reuersuri3
1157 1027 1323 1091 Picti
1382 1027 1447 1090 in
1509 1036 1799 1092 extrema
1857 1037 2041 1114 parte
2099 1027 2344 1094 insulae
2401 1037 2563 1092 tunc

425 1116 705 1202 primum
752 1125 817 1179 et
860 1113 1158 1202 deinceps
1207 1117 1616 1203 quieuerunt,
1654 1116 1936 1268 {raedas
1982 1126 2201 1183 tamen
2246 1139 2565 1182 nonnum-

429 1224 619 1291 quam
668 1201 898 1268 exinde
946 1214 1011 1268 et
1056 1206 1472 1269 contritiones
1526 1204 1607 1270 de
1714 1215 2039 1271 rettonum
2098 1216 2294 1291 gente
2357 1227 2570 1292 agere

426 1314 556 1358 non
602 1301 954 1358 cessarunt.

606 1379 916 1446 Cessante
979 1390 1198 1446 autem
1264 1383 1627 1448 uastatione
1694 1382 1947 1464 hostili,
2024 1385 2220 1450 tantis
2296 1385 2567 1469 frugum

431 1470 631 1555 copiis
676 1471 904 1556 insula,
953 1480 1221 1556 quantas
1267 1471 1443 1536 nulla
1487 1483 1659 1537 retro
1706 1481 1885 1538 aetas
1925 1474 2238 1559 meminit,
2287 1471 2569 1538 affluere

431 1560 671 1644 coepit:
721 1581 866 1624 cum
913 1560 1142 1645 quibus
1188 1569 1254 1625 et
1297 1561 1553 1625 luxuria
1598 1583 1887 1627 crescere
1935 1571 1998 1627 et
2044 1562 2211 1628 hanc
2258 1563 2569 1627 continuo

431 1649 713 1712 omnium
775 1649 913 1714 lues
981 1649 1294 1714 scelerum
1358 1651 1654 1715 comitari
1722 1649 2138 1735 adcelerauit3
2213 1650 2571 1718 crudelitas

431 1739 772 1824 praecipue
820 1746 884 1802 et
929 1737 1142 1803 odium
1187 1740 1477 1804 ueritatis
1538 1761 1844 1827 amorque
1906 1739 2252 1824 mendacii,
2314 1741 2407 1805 ita
2463 1750 2567 1825 ut,

432 1825 629 1911 siquis
676 1848 898 1891 eorum
953 1828 1168 1893 mitior
1214 1836 1278 1892 et
1323 1828 1583 1894 ueritati
1629 1828 2033 1915 aliquatenus
2079 1832 2340 1917 propior
2384 1828 2565 1893 uide·

431 1924 629 1998 retur,
676 1915 743 1980 in
788 1915 955 1981 hunc
995 1917 1176 2003 quasi
1207 1915 1568 1982 Brittaniae
1610 1918 2061 1984 subuersorem
2095 1921 2380 1984 omnium
2412 1917 2569 1982 odia

432 2003 689 2090 telaque
757 2006 893 2070 sine
961 2014 1263 2092 respectu
1327 2015 1918 2093 contorquerentur.
2012 2003 2100 2071 Et
2169 2030 2293 2072 non
2354 2006 2566 2071 solum

431 2090 594 2158 haec
641 2093 998 2159 saeculares
1044 2096 1189 2181 uiri,
1235 2094 1349 2160 sed
1396 2095 1591 2160 etiam
1636 2097 1773 2183 ipse
1822 2118 1986 2181 grex
2024 2093 2265 2162 domini
2297 2098 2569 2184 eiusque

432 2192 725 2270 pastores
772 2193 1076 2269 egerunt3
1126 2183 1452 2267 ebrietati,
1500 2186 1923 2270 animositati,
1969 2186 2197 2272 litigio,
2248 2186 2565 2251 contenti·

437 2274 562 2356 oni,
609 2272 889 2338 inuidiae
937 2274 1298 2359 ceterisque
1343 2272 1704 2339 huiusmodi
1763 2274 2155 2341 facinoribus
2214 2298 2329 2340 sua
2375 2274 2567 2358 colla,

437 2360 687 2427 abiecto
733 2362 861 2427 leui
902 2364 1059 2448 iugo
1100 2361 1359 2445 Christi,
1408 2362 1771 2429 subdentes,
1865 2363 2125 2429 Interea
2170 2366 2381 2429 subito
2430 2386 2571 2428 cor-

438 2460 667 2538 ruptae
721 2454 956 2517 mentis
1011 2452 1300 2517 homines
1356 2453 1591 2517 acerba
1645 2454 1844 2541 pestis
1891 2454 2228 2539 corripuit,
2291 2474 2454 2539 quae
2500 2454 2574 2518 in

438 2538 623 2605 breui
665 2549 914 2606 tantam
963 2542 1099 2606 eius
1145 2541 1621 2607 multitudinem
1669 2542 1916 2626 strauit,
1965 2551 2035 2606 ut
2070 2564 2152 2606 ne
2184 2540 2576 2629 sepeliendis

440 2630 700 2715 quidem
763 2631 1033 2694 mortuis
1090 2631 1227 2694 uiui
1285 2630 1684 2695 sufficerent:
1746 2631 1861 2696 sed
1916 2653 1997 2695 ne
2053 2640 2262 2696 morte
2308 2629 2577 2719 quidem

441 2740 698 2783 suorum
743 2740 862 2784 nec
908 2720 1139 2783 timore
1185 2720 1409 2783 mortis
1457 2720 1549 2804 hi,
1618 2720 1726 2806 qui
1790 2728 2197 2806 supererant,
2263 2743 2304 2785 a
2358 2728 2577 2784 morte

441 2808 719 2891 animae,
782 2829 906 2896 qua
965 2806 1289 2896 peccando
1347 2808 1826 2894 sternebantur,
1891 2811 2180 2874 reuocari
2238 2816 2573 2896 poterant:

441 2895 611 2961 unde
656 2919 786 2962 non
830 2897 1028 2962 multo
1075 2907 1236 2984 post¹
1258 2898 1468 2961 acrior
1504 2906 1765 2983 gentem
1796 2898 2224 2986 peccatricem
2254 2898 2412 2963 ultio
2443 2895 2574 2961 diri

443 2985 703 3050 sceleris
751 2995 972 3051 secuta
1016 2997 1131 3051 est.
1223 2986 1467 3052 Initum
1528 3009 1805 3073 namque
1853 2995 1951 3052 est
1997 2987 2363 3070 consilium,
2413 2985 2574 3072 quid

443 3075 783 3160 agendum,
836 3075 949 3141 ubi
997 3074 1434 3162 quaerendum
1482 3084 1651 3141 esset
1696 3074 2090 3163 praesidium
2121 3075 2203 3141 ad
2235 3074 2575 3141 euitandas

414 3163 547 3228 'uel
602 3165 1000 3251 repellendas
1064 3174 1196 3229 tam
1259 3164 1433 3229 feras
1491 3173 1754 3251 tamque
1799 3164 2223 3230 creberrimas
2279 3165 2574 3250 gentium

442 3252 920 3339 Aquilonalium
979 3255 1409 3341 inruptiones3
1477 3254 1845 3339 placuitque
1906 3255 2201 3319 omnibus
2261 3276 2407 3318 cum
2455 3275 2577 3318 suo

442 3365 601 3428 rege
647 3343 1075 3428 Vurtigern0,
1141 3352 1212 3407 ut
1276 3340 1606 3409 Saxonum
1670 3352 1933 3428 gentem
1992 3342 2070 3407 de
2124 3344 2578 3408 transmarinis

445 3432 735 3517 partibus
781 3433 848 3495 in
895 3432 1204 3497 auxilium
1247 3440 1587 3497 uocarent:
1646 3431 1817 3519 quod
1864 3432 2107 3497 domini
2151 3442 2310 3496 nutu
2358 3431 2570 3517 dispo-

447 3520 638 3585 situm
697 3543 836 3586 esse
901 3531 1179 3605 constat,
1245 3530 1316 3585 ut
1376 3522 1625 3586 ueniret
1684 3530 1908 3587 contra
1960 3519 2263 3609 inprobos
2308 3521 2575 3603 malum,

445 3611 609 3674 sicut
655 3607 1011 3701 euidentius
1057 3632 1275 3675 rerum
1322 3611 1529 3676 exitus
1575 3609 1893 3697 probauit.
