2723 4326
409 212 537 276 260
2201 209 2267 263 V.
2309 209 2529 263 18—19.

407 386 808 474 parrochiam
852 386 1235 473 pertinebat,
1284 397 1348 451 et
1379 388 1520 473 ipsa
1551 384 1765 451 sedem
1812 387 2241 473 episcopalem
2287 408 2365 449 ac
2388 408 2529 472 pro-

407 478 617 563 prium
661 475 931 540 haberet
977 477 1374 561 episcopum:
1425 484 1956 561 consecratusque
2003 486 2102 540 est
2149 476 2242 539 eis
2289 477 2532 561 primus

406 567 669 630 antistes
715 564 1063 647 Eadberct,
1112 566 1223 649 qui
1270 572 1412 629 erat
1457 564 1658 629 abbas
1705 566 2080 629 monasterii
2124 563 2358 629 beatae
2402 586 2531 629 me-

406 656 646 720 moriae
693 652 954 717 Vilfridi
998 655 1310 740 episcopi,
1361 651 1532 739 quod
1578 652 1811 717 dicitur
1858 651 2191 736 Selaeseu3
2256 675 2382 740 quo
2430 651 2530 715 de·

404 744 653 826 funet0,
709 742 895 807 Eolla
940 744 1219 829 suscepit
1274 742 1556 807 officium
1603 742 2030 829 pontificatus.
2121 743 2273 828 Ipso
2319 752 2533 807 autem

404 843 553 898 ante
600 832 844 918 aliquot
888 853 1087 896 annos
1134 853 1213 895 ex
1256 830 1380 896 hac
1425 831 1568 896 luce
1601 831 1929 896 subtracto
1979 832 2385 918 episcopatus
2433 853 2531 895 us-

407 944 529 1007 que
572 920 763 985 hodie
811 922 1103 985 cessauit.

1421 1152 1523 1214 19.

406 1310 484 1367 vt
520 1309 785 1367 coinred
823 1307 1196 1364 Mel-ciorum
1234 1308 1298 1364 et
1336 1308 1471 1365 offa
1509 1308 1922 1365 Orientalium
1959 1308 2266 1365 Saxonum
2316 1324 2432 1364 rex
2469 1311 2536 1363 in

404 1399 757 1455 monachico
818 1398 1040 1453 habitu
1094 1399 1318 1453 Romae
1372 1398 1569 1453 uitam
1623 1397 1910 1454 finierlnt
1918 1415 1940 1467 3
1999 1399 2064 1454 et
2116 1399 2189 1455 (le
2243 1399 2382 1454 uita
2431 1394 2535 1453 uel

1060 1485 1236 1542 obitu
1271 1485 1535 1542 Vllfridl
1572 1486 1873 1556 episcopi·

580 1629 771 1695 Anno
838 1638 1055 1694 autem
1122 1632 1380 1717 imperii
1449 1629 1683 1696 Osredi
1751 1640 1980 1717 quarto
2041 1630 2353 1715 Coinred,
2428 1634 2538 1719 qui

404 1742 607 1803 regno
674 1718 1068 1783 Merciorum
1139 1720 1533 1785 nobilissime
1600 1729 1889 1807 tempore
1956 1720 2282 1807 aliquanto
2354 1744 2536 1807 prae-

406 1809 636 1891 fuerat,
685 1808 960 1873 nobilius
1006 1808 1207 1873 multo
1251 1812 1440 1893 regni
1485 1819 1740 1896 sceptra
1783 1809 2066 1895 reliquit.
2140 1808 2314 1874 Nam
2359 1812 2539 1874 uenit

406 1898 680 1961 Romam
709 1896 924 1982 ibique
956 1905 1265 1980 attonsus,
1314 1897 1759 1983 pontificatum
1793 1897 2070 1962 habente
2096 1895 2535 1983 Constantino,

407 2008 483 2049 ac
527 1986 876 2050 monachus
920 1985 1149 2069 factus,
1206 1985 1291 2050 ad
1336 1987 1556 2050 limina
1601 1987 2055 2073 apostolorum,
2101 1988 2166 2051 in
2211 1988 2534 2073 precibus,

406 2076 656 2139 ieiuniis
703 2084 767 2139 et
814 2076 1181 2160 elimosynis
1225 2097 1428 2161 usque
1473 2074 1556 2139 ad
1597 2074 1767 2139 diem
1815 2078 2168 2162 permansit
2212 2076 2536 2159 ultimum3

406 2162 789 2229 succedente
834 2166 901 2228 in
947 2186 1217 2248 regnum
1262 2161 1572 2230 Oeolredo
1617 2166 1748 2230 filio
1795 2163 2155 2248 Aedilredi,
2218 2167 2328 2251 qui
2389 2176 2538 2231 ante

405 2255 613 2340 ipsum
674 2251 1064 2318 Coinredum
1121 2251 1293 2317 idem
1352 2276 1629 2339 regnum
1687 2254 1964 2318 tenebat.
2062 2253 2259 2318 Venit
2319 2265 2540 2321 autem

406 2365 553 2407 cum
613 2343 720 2407 illo
784 2350 850 2406 et
916 2339 1082 2405 filius
1146 2339 1406 2426 Sigheri
1467 2345 1639 2426 regis
1701 2341 2128 2408 Orientalium
2182 2341 2536 2429 Saxonum,

407 2435 584 2496 cuius
630 2452 825 2517 supra
871 2431 1303 2515 meminimUS,
1350 2431 1665 2496 uocabulo
1713 2429 1888 2516 Offa,
1937 2434 2186 2496 iuuenis
2233 2435 2538 2499 amantis-

408 2522 607 2584 simae
652 2521 883 2584 aetatis
916 2528 981 2583 et
1009 2521 1372 2584 uenustatis
1420 2529 1720 2607 totaeque
1752 2543 1906 2586 suae
1936 2523 2115 2605 genti
2145 2518 2227 2584 ad
2257 2523 2537 2588 tenenda

406 2607 847 2694 seruand'aque
877 2609 1062 2692 regni
1095 2617 1349 2695 sceptra
1382 2611 1917 2696 exoptatissimus.
1976 2607 2104 2687 Qui
2133 2611 2276 2696 pari
2308 2609 2536 2676 ductus

407 2695 742 2762 deuotione
788 2699 1019 2762 mentis
1066 2697 1325 2783 reliquit
1369 2720 1654 2783 uxorem,
1702 2720 1914 2783 agros,
1965 2709 2274 2784 cognatos
2321 2709 2386 2764 et
2422 2723 2535 2787 pa-

407 2788 597 2850 triam
642 2795 905 2874 propter
938 2785 1266 2851 Christum
1314 2796 1380 2851 et
1427 2797 1690 2874 propter
1737 2789 2164 2872 euangelium,
2213 2789 2384 2852 utin
2414 2789 2533 2854 hac

405 2877 539 2938 uita
604 2874 972 2961 centuplum
1040 2877 1364 2962 acciperet
1425 2890 1491 2940 et
1547 2879 1614 2940 in
1674 2877 1929 2942 saeculo
1989 2886 2262 2942 uenturo
2331 2880 2534 2942 uitam

405 2972 750 3028 aeternam.
814 2963 902 3027 Et
946 2966 1085 3050 ipse
1132 2987 1307 3049 ergo,
1356 2964 1467 3029 ubi
1513 2964 1595 3030 ad
1638 2965 1780 3030 loca
1827 2974 2049 3030 saneta
2071 2965 2344 3030 Romam
2389 2989 2532 3053 per-

404 3061 735 3136 uenerunt,
757 3062 1063 3136 attonsus,
1098 3062 1163 3117 et
1193 3055 1259 3117 in
1288 3055 1662 3118 monachico
1694 3057 1894 3119 uitam
1924 3054 2149 3120 habitu
2181 3055 2532 3140 complens,

403 3141 487 3206 ad
542 3141 854 3206 uisionem
909 3142 1245 3206 beatorum
1302 3142 1734 3228 apostolorum
1779 3145 1846 3207 in
1893 3143 2086 3208 caelis
2133 3143 2240 3208 diu
2287 3143 2533 3210 deside-

404 3240 611 3295 ratam
657 3231 967 3317 peruenit.

578 3319 828 3403 Eodem
876 3342 1029 3384 sane
1074 3342 1268 3403 anno,
1317 3341 1444 3405 quo
1490 3318 1558 3384 hi
1603 3319 1990 3385 Brittaniam
2037 3321 2374 3406 reliquere,
2425 3345 2532 3387 an-

404 3409 585 3472 tistes
633 3411 905 3472 eximius
942 3408 1178 3473 Vilfrid
1224 3418 1370 3495 post
1417 3408 1846 3495 quadraginta
1890 3419 1957 3474 et
2004 3410 2284 3495 quinque
2330 3433 2532 3476 annos

402 3499 651 3582 accepti
710 3500 1112 3584 episcopatus
1169 3496 1339 3561 diem
1386 3498 1612 3562 clausit
1659 3507 2020 3562 extremum
2067 3501 2134 3562 in
2178 3501 2532 3584 prouincia,

404 3608 567 3670 quae
627 3597 893 3650 uocatur
937 3584 1349 3650 Inundalum:
1415 3608 1772 3672 corpusque
1819 3589 1952 3652 eius
2005 3587 2211 3651 loculo
2257 3589 2531 3653 inditum

406 3675 725 3758 perlatum
774 3684 871 3738 est
914 3677 981 3738 in
1026 3676 1483 3740 monasterium
1528 3678 1757 3760 ipsius,
1807 3674 1980 3762 quod
2024 3675 2257 3740 dicitur
2299 3677 2532 3766 Inhry-

406 3782 577 3846 pum,
630 3771 692 3825 et
712 3765 894 3827 iuxta
924 3763 1227 3828 honorem
1248 3772 1427 3828 tanto
1457 3763 1743 3851 pontifici
1776 3786 2131 3850 congruum
2161 3767 2225 3828 in
2258 3766 2532 3832 eeclesia

350 3887 371 3906 κ
406 3847 581 3911 beati
626 3851 897 3934 apostoli
943 3851 1122 3916 Petri
1168 3852 1507 3938 sepultum.
1599 3854 1704 3918 De
1751 3855 1930 3918 cuius
1976 3863 2146 3918 statu
2192 3856 2396 3940 uitae,
2460 3866 2531 3920 ut
