2723 4326
157 235 284 290 1111.
326 237 552 292 31—32.
2162 238 2290 304 225

162 415 450 478 maximo
520 435 665 477 cum
733 413 952 478 labore
1021 411 1248 476 baculo
1311 413 1586 477 innitens
1652 410 1909 476 domum
1977 416 2290 499 peruenit.

163 501 525 568 Crescebat
577 501 839 567 morbus
898 502 1208 588 paulatim
1263 510 1328 564 et
1373 511 1561 566 nocte
1608 504 2098 587 superueniente
2144 525 2293 587 gra-

161 593 308 655 uior
355 589 620 656 effectus
667 600 783 674 est,
831 592 921 655 ita
965 599 1039 655 ut
1083 587 1187 654 die
1233 589 1539 655 redeunte
1585 593 1695 654 uix
1741 592 1878 676 ipse
1923 612 2040 676 per
2085 614 2155 656 se
2188 614 2292 656 ex-

163 701 433 764 surgere
497 689 609 744 aut
667 678 965 745 incedere
1021 679 1284 744 ualeret.
1379 677 1523 757 Quo
1578 677 1844 744 affectus
1889 681 2291 746 incommodo

163 770 462 855 concepit
507 768 852 834 utillimum
899 777 1113 833 mente
1146 769 1503 852 consilium,
1538 778 1608 831 ut
1639 767 1718 832 ad
1751 768 2107 853 ecclesiam,
2142 791 2292 852 quo·

163 879 292 944 quo
351 855 539 924 modo
599 867 849 944 posset,
907 857 1288 942 perueniens
1334 859 1607 921 intraret
1651 857 1733 922 ad
1779 858 2069 924 tumbam
2114 881 2292 924 reue-

162 947 517 1012 rentissimi
564 948 764 1032 patris
813 943 1159 1012 Cudbercti
1205 946 1424 1032 ibique
1471 946 1741 1030 genibus
1787 945 1971 1012 flexis
2018 949 2294 1035 supplex

164 1032 512 1122 supernam
557 1036 870 1121 pietatem
915 1045 1209 1120 rogaret,
1273 1045 1345 1098 ut
1406 1036 1509 1100 uel
1554 1035 1637 1100 ab
1684 1035 2119 1100 huiuscemodi
2165 1037 2294 1102 lan·

164 1146 392 1210 guore,
441 1126 494 1188 si
539 1123 662 1189 hoc
707 1124 831 1189 sibi
877 1124 1032 1189 utile
1079 1133 1265 1206 esset,
1313 1123 1728 1208 liberaretur3
1791 1125 1913 1208 uel,
1962 1127 2018 1189 si
2064 1148 2133 1190 se
2181 1127 2292 1191 tali

165 1213 464 1278 molestia
509 1211 745 1278 diutius
794 1214 1097 1297 castigari
1144 1211 1364 1278 diuina
1408 1211 1789 1299 prouidente
1835 1215 2049 1299 gratia
2108 1237 2295 1300 opor·
2330 1250 2348 1271 .-

165 1310 358 1387 teret,
403 1304 726 1389 patienter
770 1300 1056 1367 dolorem
1101 1323 1177 1366 ac
1223 1300 1479 1388 placida
1516 1311 1735 1370 mente
1766 1305 2107 1368 sustineret
2137 1304 2291 1370 inla-

164 1402 324 1458 tum.
420 1390 606 1456 Fecit
658 1392 886 1476 igitur,
959 1399 1030 1456 ut
1090 1393 1304 1456 animo
1364 1389 1795 1478 disposuerat,
1868 1401 1932 1456 et
1988 1393 2293 1460 inbeciles

163 1489 347 1544 artus
393 1479 623 1546 baculo
655 1489 1017 1545 sustentans
1059 1481 1326 1545 intrauit
1358 1481 1732 1564 ecclesiam3
1782 1503 1857 1546 ac
1887 1490 2296 1566 prosternens

167 1592 240 1634 se
285 1567 368 1636 ad
414 1591 642 1655 corpus
689 1569 813 1632 uiri
859 1567 998 1651 dei,
1063 1570 1172 1655 pia
1227 1569 1580 1635 intentione
1645 1592 1760 1656 per
1807 1571 1942 1633 eius
1989 1570 2297 1636 auxilium

167 1657 498 1724 dominum
545 1658 667 1722 sibi
712 1659 1064 1744 propitium
1091 1657 1232 1722 fieri
1262 1657 1680 1744 precabatur:
1731 1667 1923 1742 atque
1952 1659 2121 1724 inter
2151 1682 2293 1745 pre-

169 1769 280 1813 ces
327 1746 505 1811 uelut
551 1749 617 1810 in
661 1768 956 1833 soporem
1003 1745 1244 1812 solutus
1277 1747 1491 1831 sentit,
1534 1756 1603 1810 ut
1635 1748 1771 1833 ipse
1800 1755 2030 1833 postea
2056 1747 2296 1812 referre

170 1844 312 1900 erat
359 1835 608 1917 solitus,
669 1837 854 1921 quasi
908 1857 1209 1920 magnam
1255 1834 1581 1920 latamque
1628 1856 1887 1901 manum
1934 1844 2130 1920 caput
2172 1836 2297 1902 sibi

167 1927 240 1988 in
284 1934 505 2010 parte,
567 1947 692 2010 qua
738 1923 1031 2007 dolebat,
1086 1924 1414 2009 tetigisse,
1478 1922 1828 2010 eodemque
1873 1932 2052 1990 tactu
2096 1934 2297 1990 totam

167 2013 370 2096 illam,
437 2035 603 2098 quae
647 2013 958 2097 languore
1002 2035 1224 2100 pressa
1269 2013 1497 2096 fuerat,
1549 2014 1833 2099 corporis
1880 2014 1977 2077 sui
2022 2024 2295 2100 partem,

167 2101 484 2189 paulatim
528 2102 818 2188 fugiente
865 2099 1082 2168 dolore
1129 2125 1206 2167 ac
1252 2103 1524 2169 sanitate
1570 2101 2014 2188 subsequente,
2063 2103 2144 2169 ad
2192 2127 2299 2190 pe·

167 2191 284 2257 des
330 2214 532 2278 usque
578 2193 1021 2278 pertransisse.
1115 2190 1260 2270 Quo
1324 2191 1497 2257 facto
1542 2214 1695 2257 mox
1743 2192 2055 2276 euigilans
2103 2196 2299 2257 sanis-

167 2284 369 2345 simus
417 2282 695 2345 surrexit
741 2303 818 2345 ac
862 2303 981 2367 pro
1028 2303 1144 2345 sua
1189 2284 1465 2347 sanitate
1510 2280 1767 2347 domino
1814 2282 2059 2365 gratias
2090 2279 2297 2347 denuo

164 2370 489 2453 referens,
558 2368 713 2456 quid
757 2392 916 2455 erga
961 2392 1031 2434 se
1077 2379 1292 2435 actum
1340 2378 1542 2453 esset,
1600 2369 1907 2434 fratribus
1954 2367 2296 2435 indicauit:

166 2460 547 2544 cunctisque
581 2459 1128 2541 congaudentibus
1175 2459 1259 2524 ad
1289 2460 1735 2544 ministerium,
1784 2457 1953 2546 quod
1993 2459 2299 2526 sollicitus

164 2548 476 2612 exhibere
507 2547 774 2630 solebat,
809 2549 994 2633 quasi
1023 2546 1263 2633 flagillo
1297 2548 1611 2634 probante
1644 2549 2037 2633 castigatior,
2086 2546 2296 2613 rediit.

347 2633 478 2701 Sed
525 2645 591 2701 et
636 2635 1027 2719 indumenta,
1077 2636 1307 2722 quibus
1355 2635 1476 2702 deo
1523 2633 1803 2704 dicatum
1853 2659 2085 2722 corpus
2133 2635 2299 2701 Oud-

164 2725 372 2790 bercti
418 2724 523 2790 uel
567 2727 788 2790 uiuum
833 2734 1025 2789 antea
1072 2725 1178 2790 uel
1223 2734 1447 2811 postea
1505 2725 1879 2790 defunctum
1925 2728 2298 2812 uestierant,

164 2814 366 2883 etiam
428 2815 571 2900 ipsa
634 2837 671 2877 a
719 2816 931 2899 gratia
977 2812 1243 2879 curandi
1289 2836 1417 2879 non
1461 2823 1805 2897 micarunt,
1870 2815 2035 2878 sicut
2079 2816 2145 2880 in
2192 2837 2301 2880 uo·

161 2903 404 2968 lumine
449 2904 623 2967 uitae
669 2913 736 2968 et
782 2904 1090 2968 uirtutum
1138 2904 1272 2967 eius
1321 2906 1592 2989 quisque
1637 2903 1887 2988 legerit,
1935 2904 2238 2973 inueniet.

1087 3136 1170 3199 32
1221 3132 1377 3220 [30].

219 3291 302 3346 Vt
338 3290 506 3345 alter
543 3291 620 3346 ad
658 3291 963 3359 reliquias
1001 3290 1136 3347 elus
1177 3305 1378 3360 nuper
1402 3291 1616 3346 -fuerit
1653 3291 1729 3346 ab
1770 3290 1935 3347 oculi
1974 3291 2233 3357 langore

1091 3381 1369 3435 curatus.

341 3520 408 3585 N
411 3544 484 3587 ec
548 3522 797 3587 silentio
857 3522 1397 3609 praetereundum
1415 3574 1433 3607 ,
1497 3524 1669 3610 quod
1733 3533 1881 3589 ante
1949 3525 2298 3589 triennium

160 3633 283 3697 per
328 3611 630 3697 reliquias
679 3613 816 3675 eius
863 3612 1125 3697 factum,
1174 3635 1383 3699 nuper
1427 3614 1586 3677 mihi
1629 3636 1749 3701 per
1793 3615 2024 3701 ipsum,
2071 3615 2139 3678 in
2170 3634 2297 3699 quo

161 3702 412 3764 factum
460 3708 578 3784 est,
626 3699 894 3766 ftatrem
941 3703 1238 3767 innotuit.
1332 3702 1455 3767 Est
1499 3711 1714 3767 autem
1761 3703 2004 3768 factum
2048 3702 2115 3765 in
2168 3725 2302 3767 mo-

159 3789 470 3868 nasterio,
521 3786 689 3875 quod
735 3790 918 3854 iuxta
975 3812 1229 3856 amnem
1277 3789 1535 3856 Dacore
1596 3800 2031 3856 constructum
2084 3793 2167 3857 ab
2224 3814 2299 3856 eo

161 3898 525 3962 cognomen
571 3884 854 3964 accepit,
919 3880 1021 3944 cui
1067 3889 1220 3945 tunc
1268 3882 1370 3945 uir
1414 3880 1751 3967 religiosus
1799 3879 2142 3948 Suidberct
2186 3880 2299 3945 ab-

327 3982 508 4023 Baedae
534 3982 642 4023 hist.
675 3984 786 4025 eccl.
1918 3990 1982 4043 15
