2723 4326
439 205 564 266 142
2337 208 2435 259 ΙΙΙ.
2476 209 2563 263 23.

433 381 702 446 uerbum
753 390 816 446 et
863 393 1268 447 sacramenta
1313 380 1493 467 fidei,
1543 392 1683 447 erat
1730 384 1899 447 enim
1945 383 2317 469 presbyter,
2380 385 2567 449 mini-

435 479 638 535 strare
683 471 948 555 solebat,
997 492 1116 557 per
1145 474 1324 536 cuius
1369 474 1665 557 notitiam
1710 473 1990 535 maxime
2036 470 2118 537 ad
2166 472 2565 577 diligendum

433 557 951 645 noscendumque
1011 561 1384 647 episcopum
1442 561 1757 647 peruenit.
1851 561 2107 626 Fauens
2177 584 2334 646 ergo
2398 565 2565 627 uotis

431 650 605 733 regis
665 650 931 713 antistes
999 650 1199 733 elegit
1262 651 1385 715 sibi
1443 652 1655 715 locum
1715 651 2089 715 monasterii
2152 652 2567 716 construendi

432 739 497 801 in
544 739 868 802 montibus
915 737 1131 803 arduis
1175 761 1253 803 ac
1297 741 1591 824 remotiS‚
1637 742 1705 803 in
1736 739 1965 825 quibus
2002 739 2320 804 latronum
2353 743 2565 826 magis

429 827 698 892 latibula
745 849 822 891 ac
864 828 1068 892 lustra
1113 827 1397 892 ferarum
1463 850 1655 915 quam
1714 828 2083 894 habitacula
2147 829 2344 893 fuisse
2390 830 2565 894 uide-

430 916 666 979 bantur
711 915 1066 981 hominum:
1114 927 1205 1001 ut,
1251 918 1431 981 iuxta
1476 917 1884 1004 prophetiam
1930 917 2141 982 Isaiae
2173 916 2307 1001 (35,
2339 916 2427 1004 7),
2476 920 2569 982 ‘in

433 1004 777 1089 cubilibus,
803 1012 807 1016 '
838 1005 909 1070 in*
953 1005 1180 1092 quibus
1226 1008 1405 1093 prius
1452 1006 1761 1072 dracones
1820 1005 2226 1091 habitabant,
2290 1011 2566 1072 oriretur

431 1096 606 1159 uiror
637 1096 868 1160 calami
902 1104 966 1159 et
1001 1095 1214 1179 iunci'‚
1264 1095 1329 1159 id
1364 1104 1463 1159 est
1506 1097 1753 1160 fructus
1801 1096 2113 1160 bonorum
2160 1118 2426 1182 operum
2471 1097 2568 1161 ibi

430 1193 866 1268 nascerentur,
913 1184 1025 1247 ubi
1053 1186 1234 1269 prius
1278 1184 1385 1247 uel
1430 1184 1676 1250 bestiae
1722 1186 2107 1263 commorari
2138 1187 2240 1249 uel
2273 1184 2567 1250 homines

429 1274 787 1339 bestialiter
833 1274 1052 1337 uiuere
1101 1283 1501 1337 consuerant.

608 1360 888 1428 Studens
919 1371 1134 1426 autem
1164 1363 1265 1425 uir
1295 1360 1537 1427 domini
1566 1372 1904 1449 acceptum
1952 1363 2321 1426 monasterii
2352 1362 2567 1428 locum

431 1452 640 1535 primo
700 1451 1000 1537 precibus
1059 1473 1135 1514 ac
1194 1451 1448 1516 ieiuniis
1507 1475 1546 1516 a
1591 1453 1861 1537 pristina
1918 1450 2313 1535 flagitiorum
2374 1452 2565 1517 sorde

429 1560 710 1626 purgare
744 1548 808 1604 et
841 1542 932 1604 sic
973 1542 1037 1603 in
1071 1561 1147 1604 eo
1193 1542 1563 1605 monasterii
1608 1540 2023 1605 fundamenta
2068 1542 2300 1623 iacere,
2349 1551 2564 1626 postu-

427 1630 588 1693 lauit
632 1652 674 1693 a
717 1650 892 1714 rege,
939 1638 1010 1692 ut
1055 1629 1177 1693 sibi
1224 1638 1430 1694 totum
1471 1628 1681 1693 XL¹¹¹⁸⁶
1712 1639 1987 1715 tempus,
2036 1628 2206 1716 quod
2253 1629 2560 1713 instabat,

429 1717 801 1783 facultatem
833 1741 910 1782 ac
941 1718 1266 1782 licentiam
1308 1718 1550 1783 ibidem
1597 1721 1901 1782 orationis
1950 1738 2142 1783 causa
2188 1714 2569 1783 demorandi

431 1806 830 1872 concederet.
923 1805 1170 1886 Quibus
1239 1806 1462 1871 diebus
1526 1809 1807 1890 cunctis,
1880 1815 2153 1893 excepta
2222 1805 2561 1892 dominica,

430 1898 737 1960 ieiunium
786 1894 866 1959 ad
912 1918 1250 1981 uesperam
1297 1918 1504 1982 usque
1550 1898 1731 1960 iuxta
1774 1918 2021 1960 morem
2065 1896 2419 1982 protelans,
2478 1920 2571 1961 ne·

429 1994 583 2049 tunc
629 1984 888 2070 quidem
932 1986 1054 2048 nisi
1099 1985 1282 2071 panis
1338 1984 1781 2072 permodicum
1828 1995 1894 2050 et
1938 2007 2135 2049 unum
2181 2007 2373 2049 ouum
2422 1987 2559 2069 gal·

427 2074 742 2139 linaceum
792 2096 935 2138 cum
968 2096 1170 2161 paruo
1215 2074 1381 2138 lacte
1429 2096 1598 2160 aqua
1640 2076 1844 2138 mixto
1890 2074 2303 2161 percipiebat.
2368 2074 2564 2139 Dice-

428 2166 540 2230 bat
587 2167 756 2229 enim
801 2163 968 2228 banc
1015 2186 1155 2228 esse
1203 2163 1730 2229 consuetudinem
1776 2186 2017 2249 eorum,
2066 2187 2107 2229 a
2137 2163 2367 2250 quibus
2412 2187 2561 2228 nor·

428 2275 601 2317 mam
647 2253 1020 2340 disciplina-e
1050 2253 1369 2337 regularis
1401 2254 1734 2332 didicerat,
1781 2262 1853 2316 ut
1884 2262 2151 2339 accepta
2182 2275 2387 2340 nuper
2417 2253 2564 2318 loca

428 2340 511 2407 ad
557 2342 924 2407 faciendum
970 2345 1432 2406 monasterium
1502 2344 1605 2407 uel
1652 2343 1987 2408 ecclesiam
2035 2343 2210 2428 prius
2258 2344 2560 2408 orationi-

427 2433 546 2497 bus
592 2453 670 2496 ac
715 2432 968 2495 ieiuniis
1015 2431 1273 2496 domino
1321 2441 1713 2496 consecrent.
1778 2429 2069 2517 Cumque
2093 2429 2162 2494 X
2184 2431 2322 2496 dies
2347 2430 2563 2495 XL¹¹¹¹⁰

426 2530 763 2601 restarent,
811 2522 990 2584 uenit
1038 2523 1148 2607 qui
1194 2520 1502 2586 clamaret
1550 2542 1695 2585 eum
1742 2519 1823 2585 ad
1872 2542 2116 2605 regem.
2178 2519 2272 2584 At
2302 2520 2427 2604 ille,
2475 2541 2561 2583 ne

427 2632 585 2696 opus
609 2611 980 2693 religiosum
1005 2611 1415 2694 negotiorum
1439 2609 1758 2694 regalium
1785 2631 1977 2673 causa
2001 2610 2562 2689 intermitteretur,

425 2700 613 2785 petiit
669 2699 1123 2802 presbyterum
1185 2721 1370 2762 suum
1437 2697 1860 2785 Cynibillum,
1934 2698 2041 2784 qui
2100 2699 2296 2761 etiam
2357 2697 2564 2761 frater

427 2809 772 2872 germanus
821 2795 958 2851 erat
1002 2789 1220 2873 ipsius,
1269 2790 1378 2874 pia
1426 2797 1654 2875 coepta
1701 2786 2038 2874 complere.
2104 2785 2226 2852 Cui
2274 2809 2416 2850 cum
2452 2786 2563 2852 ille

427 2875 702 2940 libenter
759 2874 1230 2961 adquiesceret,
1293 2877 1549 2962 expleto
1610 2877 1820 2941 studio
1881 2875 2261 2940 ieiuniorum
2310 2885 2375 2939 et
2422 2898 2563 2940 ora-

426 2966 638 3043 tionis,
685 2965 842 3029 fecit
884 2965 976 3029 ibi
1022 2967 1504 3049 monasterium,
1552 2965 1722 3051 quod
1767 2987 1934 3028 nunc
1965 2963 2401 3050 Laestingaeu
2446 2987 2559 3028 uo·

429 3063 630 3139 catur,
687 3063 752 3118 et
797 3053 1111 3138 religiosis
1157 3055 1441 3118 moribus
1487 3056 1667 3118 iuxta
1711 3055 1873 3118 ritus
1919 3052 2560 3138 Lindisfarnensium‚

427 3145 538 3208 ubi
584 3143 888 3208 educatus
934 3152 1091 3226 erat,
1139 3143 1437 3208 instituit.

605 3229 732 3310 Qui
787 3254 932 3296 cum
988 3234 1170 3296 annis
1225 3233 1443 3296 multis
1490 3241 1556 3296 et
1600 3232 1665 3294 in
1711 3232 2005 3319 praefata
2050 3233 2383 3318 prouincia
2430 3233 2562 3318 epi-

428 3331 759 3408 scopatum
815 3319 1292 3386 administraret
1337 3331 1405 3385 et
1450 3320 1635 3385 huius
1700 3343 1953 3406 quoque
2012 3322 2385 3384 monasterii
2436 3332 2562 3384 sta-

427 3414 585 3474 tutis
630 3411 974 3497 propositis
1023 3432 1239 3474 curam
1275 3419 1556 3495 gereret,
1606 3431 1757 3474 casu
1791 3411 2083 3493 contigit,
2130 3418 2201 3472 ut
2234 3409 2315 3473 ad
2346 3411 2561 3494 ipsum

427 3501 883 3564 monasterium
916 3509 1205 3586 tempore
1237 3499 1645 3563 mortalitatis
1692 3499 2040 3564 adueniens
2071 3507 2281 3562 tactus
2315 3497 2558 3563 ibidem

427 3587 799 3653 infirmitate
831 3591 1114 3676 corporis
1147 3587 1374 3653 obiret.
1413 3586 1569 3667 'Qui
1613 3591 1823 3674 primo
1871 3587 2130 3674 quidem
2161 3586 2317 3651 foris
2350 3589 2561 3674 sepul-

427 3685 530 3739 tus
563 3686 686 3759 est3
734 3687 1023 3763 tempore
1069 3686 1286 3742 autem
1331 3677 1739 3764 procedente,
1788 3679 1854 3741 in
1900 3676 2126 3742 eodem
2170 3678 2561 3742 monasterio

430 3766 702 3828 ecclesia
747 3777 844 3829 est
889 3770 954 3830 in
999 3766 1308 3831 honorem
1368 3767 1592 3831 beatae
1647 3767 1751 3831 dei
1806 3768 2154 3852 genetricis
2211 3764 2289 3830 de
2344 3766 2561 3853 lapide

430 3852 599 3916 facta
619 3863 683 3918 et
703 3855 769 3917 in
791 3854 898 3918 illa
922 3877 1151 3942 corpus
1174 3857 1375 3942 ipsius
1408 3855 1490 3920 ad
1522 3854 1850 3920 dexteram
1884 3855 2107 3921 altaris
2137 3854 2559 3920 reconditum.
