2723 4326
423 196 505 260 78
2286 194 2354 247 11.
2394 195 2561 249 8—9.

421 370 800 435 clementiae
869 370 1160 435 caelestis
1225 379 1470 435 certam
1540 369 1949 435 adsumentes
2011 370 2346 455 fiduciam,
2423 394 2561 437 non

419 461 626 524 solum
659 462 1133 548 suppositarum
1160 461 1221 524 ei
1244 462 1533 544 gentium
1565 460 2002 546 plenissimam
2033 422 2375 543 salutem‚⁷‘
2356 482 2559 526 1mmo

421 570 674 634 quoque
721 550 1106 634 uicinarum,
1177 557 1431 613 uestrae
1478 548 1971 634 praedicationis
2015 550 2369 613 ministerio
2416 573 2561 615 cre-

418 637 626 702 dimus
673 636 1210 724 subsequendam3
1275 646 1619 723 quatenus,
1668 640 1834 703 sicut
1878 638 2185 724 scriptum
2232 646 2357 721 est,
2406 660 2561 705 con-

417 728 721 792 summati
767 728 980 813 operis
1025 726 1212 791 uobis
1255 748 1507 791 merces
1538 750 1580 792 a
1608 726 1995 791 retributore
2040 728 2324 792 omnium
2352 727 2555 793 bono-

415 838 560 880 rum
604 816 862 880 domino
885 816 1226 899 tribuatur,
1267 825 1333 881 et
1360 838 1517 881 uere
1554 813 1816 902 (Psalm.
1856 817 1957 900 18,
1994 814 2065 901 5)
2108 838 2264 902 „per
2296 838 2559 882 omnem

415 913 656 970 terram
703 906 912 969 exisse
956 926 1182 969 sonum
1231 926 1454 969 eorum
1483 913 1548 969 et
1577 907 1647 970 in
1677 903 1837 969 fines
1878 904 2051 971 orbis
2096 914 2308 970 terrae
2350 906 2560 973 uerba

414 991 740 1082 ipsorum“
747 1044 766 1077 ,
827 993 1207 1059 uniuersalis
1261 994 1551 1078 gentium
1609 994 1951 1078 confessio,
2018 1002 2315 1080 suscepto
2364 991 2551 1061 Chri-

415 1084 661 1147 stianae
706 1092 1108 1148 sacramento
1155 1081 1326 1166 fidei,
1376 1092 1787 1169 protestetur.

590 1171 862 1236 Pallium
910 1180 1252 1257 praeterea
1295 1194 1412 1257 per
1451 1170 1723 1237 latorem
1769 1172 2207 1258 praesentium
2251 1170 2559 1237 fraterni-

411 1261 532 1326 tati
592 1269 770 1343 tuae,
841 1260 1256 1341 benignitatis
1317 1259 1545 1325 studiis
1607 1261 1865 1325 inuitati
1928 1258 2306 1343 direximus,
2377 1260 2557 1346 quod

411 1348 716 1413 uidelicet
791 1356 1043 1413 tantum
1111 1350 1178 1413 in
1247 1351 1673 1415 sacrosanctis
1750 1348 2148 1415 celebrandis
2220 1352 2556 1435 mysteriis

408 1436 631 1502 utendi
676 1437 1000 1501 licentiam
1047 1439 1547 1524 impertiuimus:
1596 1437 2023 1503 concedentes
2070 1439 2265 1503 etiam
2294 1438 2411 1503 tibi
2445 1462 2551 1504 or-

410 1523 769 1591 dinationes
835 1528 1279 1614 episcoporum
1297 1576 1315 1610 ,
1388 1528 1692 1611 exigente
1760 1529 2224 1632 oportunitate,
2302 1526 2555 1594 domini

406 1616 865 1701 praeueniente
909 1616 1348 1681 misericordia
1394 1616 1751 1682 celebrare:
1808 1619 1899 1682 ita
1942 1624 2015 1681 ut
2062 1615 2303 1682 Christi
2349 1637 2548 1681 euan-

406 1706 650 1790 gelium
708 1705 1128 1790 plurimorum
1194 1704 1679 1770 adnuntiatione
1736 1706 1805 1769 in
1862 1704 2157 1770 omnibus
2216 1705 2547 1790 gentibuS‚

407 1815 574 1879 quae
617 1792 894 1858 necdum
937 1816 1290 1859 conuersae
1337 1804 1504 1879 sunt,
1552 1794 1871 1859 dilatetur.
1937 1790 2212 1859 Studeat
2242 1815 2399 1879 ergo
2432 1804 2552 1859 tua

405 1882 773 1947 fraternitas
818 1882 969 1965 hoc,
1032 1882 1202 1969 quod
1260 1884 1430 1948 sedis
1487 1882 1878 1970 apostolicae
1935 1882 2335 1947 humanitate
2394 1906 2545 1969 per-

407 1972 606 2057 cepit,
668 1973 1054 2036 intemerata
1096 1973 1331 2037 mentis
1389 1974 1760 2038 sinceritate
1820 1994 2099 2037 seruare.
2191 1970 2550 2038 Intendens

404 2062 584 2124 cuius
641 2062 737 2125 rei
793 2058 1210 2126 similitudine
1261 2070 1399 2125 tam
1453 2063 1871 2148 praecipuum
1931 2059 2374 2127 indumentum
2427 2060 2549 2127 hu-

400 2151 595 2215 meris
649 2151 778 2214 tuis
834 2149 1248 2216 baiulandum
1305 2151 1686 2237 susceperis.
1782 2148 2141 2236 'Palemque
2186 2158 2255 2215 te
2298 2148 2551 2216 domini

400 2239 741 2326 implorata
787 2239 1134 2306 clementia
1171 2237 1609 2305 exhibendum
1642 2238 1847 2324 stude,
1894 2248 1967 2303 ut
1996 2238 2226 2304 indulti
2254 2241 2551 2305 muneris

399 2331 691 2413 praemia
734 2350 862 2392 non
908 2350 1056 2394 oum
1101 2327 1505 2413 reatitudine,
1556 2329 1671 2394 sed
1707 2350 1856 2394 cum
1902 2326 2253 2394 commodis
2297 2331 2551 2394 anima-

398 2438 544 2482 rum
588 2426 738 2482 ante
783 2418 1067 2483 tribunal
1111 2419 1344 2483 summi
1388 2427 1453 2482 et
1497 2419 1754 2483 uenturi
1797 2415 2025 2482 iudicis
2071 2427 2545 2503 repraesentes.

575 2506 756 2570 Deus
803 2516 868 2571 te
913 2507 1298 2572 incolumem
1345 2505 1687 2590 custodiat,
1733 2505 2150 2572 dilectissime
2196 2506 2441 2572 frater.³

1436 2738 1497 2801 9.

393 2893 483 2947 De
521 2892 784 2960 imperio
821 2893 996 2960 regis
1033 2893 1322 2963 Aedulnl,
1361 2894 1428 2949 ct
1463 2893 1537 2948 ut
1572 2893 1832 2950 ueniens
1870 2892 1947 2948 ad
1984 2892 2541 2960 euangellzandum

451 2980 511 3035 ei
547 2980 851 3039 Paulhms
887 2983 1091 3052 primo
1129 2982 1325 3038 filiam
1363 2983 1499 3040 eius
1538 2997 1673 3038 oum
1711 2982 1861 3038 aliis
1898 2982 2046 3038 fidei
2086 2981 2483 3038 Christianae

1073 3071 1481 3128 sacramentis
1519 3071 1843 3128 imbuerit.

570 3212 712 3292 Quo
756 3223 1050 3301 tempore
1098 3216 1292 3281 etiam
1331 3238 1491 3301 gens
1520 3213 2231 3300 Nordanhymbrorum,
2278 3214 2401 3279 hoo
2434 3224 2539 3280 est

391 3325 468 3368 ea
514 3306 690 3369 natio
736 3302 1130 3389 Anglorum,
1191 3326 1356 3390 quae
1402 3305 1487 3369 ad
1530 3303 1983 3390 Aquilonalem
2029 3302 2369 3369 Humbrae
2416 3301 2537 3367 flu-

388 3393 578 3458 minis
625 3394 887 3479 plagam
933 3391 1296 3478 habitabat,
1353 3415 1503 3458 cum
1546 3415 1705 3478 rege
1750 3415 1865 3458 suo
1911 3390 2210 3458 Aeduino
2254 3391 2533 3457 uerbum

387 3479 539 3548 fidei
583 3481 998 3568 praedicante
1029 3481 1319 3566 Paulino,
1370 3484 1549 3548 cuius
1596 3504 1793 3586 supra
1836 3483 2267 3564 meminimus,
2316 3503 2535 3547 susce-

385 3570 501 3656 pit.
596 3567 717 3634 Cui
762 3569 1060 3636 uidelicet
1104 3573 1275 3656 regi,
1337 3572 1402 3635 in
1458 3572 1816 3658 auspicium
1868 3569 2315 3657 suscipiendae
2373 3568 2535 3636 fidei

387 3665 454 3722 et
485 3660 670 3742 regni
703 3659 1014 3742 caelestis,
1061 3669 1349 3745 potestas
1382 3661 1579 3726 etiam
1608 3661 1849 3725 terreni
1895 3669 2193 3725 creuerat
2236 3660 2528 3744 imperii.

384 3747 478 3812 ita
521 3755 613 3828 ut,
661 3747 831 3832 quod
875 3770 1066 3813 nemo
1097 3746 1461 3833 Anglorum
1504 3757 1657 3816 ante
1698 3771 1865 3834 eum,
1913 3770 2135 3815 omnes
2164 3745 2530 3812 Brittaniae

384 3833 563 3920 fines,
613 3857 740 3922 qua
770 3836 919 3902 uel
902 3858 1189 3923 1psorum
1219 3839 1325 3903 uel
1353 3836 1741 3904 Brettonum
1787 3839 2159 3925 prouinciae
2206 3835 2527 3920 habitant,
