2723 4326
134 201 209 253 V.
258 200 447 255 9-10.
2153 200 2280 264 241

329 377 419 442 At
450 398 603 442 uero
636 398 799 442 unus
846 376 927 441 de
972 376 1159 439 sociis
1206 376 1341 440 eius
1387 376 1700 441 uocabulo
1731 375 2084 461 Victberct‚
2135 398 2281 443 cum

135 475 323 533 esset
371 475 436 531 et
481 468 621 554 ipse
678 472 1003 530 contemtu
1062 462 1283 528 mundi
1340 487 1419 529 ac
1479 463 1808 529 doctrinae
1869 467 2137 530 scientia
2190 468 2281 530 in-

136 555 353 641 signis
422 553 599 641 (nam
656 557 888 620 multos
959 574 1161 619 annos
1220 555 1287 617 in
1346 552 1664 618 Hibernia
1736 556 2116 641 peregrinus
2168 578 2278 621 an-

134 646 539 711 choreticam
587 646 653 708 in
697 664 937 729 magna
980 642 1378 730 perfectione
1423 644 1627 708 uitam
1673 640 1947 729 egerat),
1992 642 2282 709 ascendit

134 756 383 799 nauem
416 743 483 799 et
512 733 804 797 Fresiam
834 733 1219 820 perueniens
1250 728 1497 797 duobus
1527 734 1709 797 annis
1741 734 2058 799 continuis
2101 736 2284 817 genti

137 824 239 888 illi
304 844 381 887 ac
438 824 581 908 regi
639 822 775 886 eius
819 819 1159 886 Rathbedo
1224 821 1498 886 uerbum
1562 822 1784 887 salutis
1847 820 2279 908 praedicabat,

135 920 360 999 neque
420 912 699 998 aliquem
751 912 916 975 tanti
974 909 1212 977 laboris
1272 908 1552 974 fructum
1611 910 1784 998 apud
1829 909 2139 975 barbaros
2185 913 2279 975 in·

138 1002 335 1066 uenit
379 999 721 1065 auditores.
818 997 1005 1064 Tunc
1047 1006 1345 1064 reuersus
1392 998 1475 1063 ad
1521 996 1794 1064 dilectae
1840 997 2050 1065 locum
2095 1022 2280 1087 pere-

139 1090 559 1176 grinationis,
624 1089 809 1153 solito
868 1090 935 1153 in
996 1088 1245 1154 silentio
1306 1109 1540 1152 uacare
1601 1088 1856 1152 domino
1916 1090 2156 1175 coepit3
2217 1098 2282 1155 et

140 1180 456 1265 quoniam
518 1179 799 1243 externis
861 1176 1165 1264 prodesse
1220 1176 1305 1242 ad
1365 1175 1580 1241 fidem.
1619 1199 1748 1242 non
1807 1186 2087 1263 poterat,
2151 1179 2281 1244 suis

138 1268 425 1355 amplius
472 1289 556 1331 ex
598 1268 913 1331 uirtutum
962 1268 1274 1353 exemplis
1321 1264 1626 1353 prodesse
1671 1267 1954 1332 curabat.

1174 1498 1274 1563 10.

144 1658 227 1715 Vt
262 1657 564 1713 Vilbrord
603 1656 671 1712 ln
706 1656 925 1712 Fresia
973 1655 1341 1725 praedicans
1393 1657 1622 1712 multos
1660 1657 1736 1711 ad
1776 1656 2090 1714 Christum
2140 1670 2280 1713 con-

182 1744 499 1812 uerter1t3
538 1745 604 1800 et
640 1744 713 1801 ut
750 1743 907 1800 socii
945 1743 1081 1800 elus
1118 1745 1425 1801 Heuualdi
1465 1744 1594 1801 sint
1631 1745 1997 1813 martyrium
2033 1744 2227 1813 passi.

329 1888 421 1953 Vt
467 1897 685 1953 autem
731 1886 895 1952 uidit
940 1890 1042 1951 uir
1086 1885 1329 1951 domini
1376 1887 1733 1972 Ecgberct‚
1781 1889 1932 1973 quia
1976 1910 2097 1953 nec
2143 1890 2283 1975 ipse

146 1978 232 2043 ad
263 1974 768 2065 praedicandum
815 1976 1115 2063 gentibus
1162 1978 1384 2042 uenire
1429 1977 1948 2064 permittebatur,
1997 1986 2284 2043 retentus

148 2068 232 2132 ob
294 2067 487 2131 aliam
547 2074 808 2131 sanctae
868 2064 1178 2131 ecclesiae
1245 2066 1618 2149 utilitatem,
1682 2062 1765 2129 de
1833 2088 1961 2151 qua
2029 2067 2285 2132 oraculo

146 2156 366 2222 fuerat
394 2157 859 2242 praemonitus3
901 2177 1023 2220 nee
1053 2155 1393 2220 Victberct
1422 2154 1564 2220 illas
1595 2154 1942 2221 deueniens
1973 2154 2038 2219 in
2069 2166 2284 2242 partes

149 2247 501 2332 quicquam
532 2244 927 2332 proficiebat,
978 2247 1257 2310 tentauit
1288 2243 1497 2308 adhuc
1526 2245 1592 2308 in
1626 2266 1784 2331 opus
1815 2245 2003 2310 uerbi
2029 2246 2292 2310 mittere

149 2337 327 2400 uiros
388 2344 639 2400 sanctos
703 2344 769 2399 et
829 2333 1203 2419 industrios,
1264 2337 1331 2397 in
1379 2333 1608 2420 quibus
1665 2335 1936 2399 eximius
1981 2333 2290 2399 Vilbrord

151 2424 548 2512 presbyterii
595 2422 799 2509 gradu
847 2433 913 2488 et
958 2425 1187 2488 merito
1247 2422 1718 2510 praefulgebat.
1811 2421 1942 2501 Qui
1989 2445 2136 2487 cum
2180 2422 2289 2488 illo

152 2512 596 2596 aduenissent,
664 2522 849 2578 erant
912 2521 1131 2578 autem
1192 2534 1458 2577 numero
1514 2510 1684 2596 XII,
1751 2511 2144 2578 diuertentes
2207 2512 2291 2577 ad

153 2601 505 2689 Pippinum
564 2601 792 2667 ducem
852 2603 1250 2667 Francorum
1309 2610 1644 2686 gratanter
1699 2601 1782 2666 ab
1841 2601 1949 2665 illo
2009 2605 2292 2689 suscepti

154 2700 333 2757 sunt:
405 2699 471 2756 et
538 2693 688 2777 quia
749 2713 955 2778 nuper
1024 2692 1390 2756 citeriorem
1449 2691 1743 2754 Fresiam
1812 2692 2077 2777 expulso
2141 2689 2292 2756 inde

154 2778 499 2846 Rathbedo
545 2801 701 2866 rege
748 2789 1035 2867 ceperat,
1099 2779 1206 2844 illo
1256 2802 1365 2844 eos
1413 2779 1494 2843 ad
1539 2777 2040 2865 praedicandum
2085 2781 2288 2865 misit3

156 2871 295 2954 ipse
345 2891 598 2955 quoque
652 2869 972 2956 imperiali
1030 2869 1415 2934 auctoritate
1473 2870 1726 2950 iuuantis,
1787 2871 1984 2954 nequi
2042 2866 2292 2955 praedi-

159 2959 453 3024 cantibus
500 2959 842 3044 quicquam
888 2958 1218 3023 molestiae
1263 2957 1561 3041 inferret3
1610 2957 1956 3043 multisque
2004 2980 2134 3044 eos,
2183 2960 2293 3045 qui

159 3046 353 3113 fidem
400 3049 723 3134 suscipere
768 3047 1027 3130 uellent,
1073 3046 1398 3112 beneficiis
1445 3044 1785 3114 adtollens:
1834 3045 2004 3112 unde
2048 3046 2292 3112 factum

164 3145 285 3221 est,
346 3137 701 3223 opitulante
748 3137 961 3220 gratia
1006 3133 1247 3221 diuina,
1296 3146 1368 3200 ut
1412 3135 1644 3201 multos
1689 3137 1756 3200 in
1799 3137 1984 3200 breui
2028 3135 2112 3200 ab
2158 3135 2291 3201 ido-

162 3225 349 3290 latria
395 3224 477 3289 ad
522 3223 716 3290 fidem
763 3233 1211 3290 conuerterent
1255 3224 1514 3290 Christi.

338 3314 592 3378 Horum
653 3316 854 3379 secuti
913 3313 1211 3399 exempla
1270 3313 1396 3378 duo
1461 3313 1721 3399 quidam
1783 3312 2146 3400 presbyteri
2210 3313 2291 3378 de

163 3403 419 3468 natione
465 3402 825 3488 Anglorum
836 3453 855 3488 ,
921 3405 1030 3489 qui
1074 3404 1143 3466 in
1188 3402 1506 3468 Hibernia
1562 3403 1763 3468 multo
1823 3411 2114 3488 tempore
2175 3425 2292 3489 pro

165 3500 427 3557 aeterna
472 3493 681 3578 patria
728 3492 1166 3575 exulauerant‚
1210 3501 1528 3558 uenerunt
1549 3490 1634 3556 ad
1678 3492 2077 3578 prouinciam
2110 3488 2293 3555 Anti-

168 3598 437 3662 quorum
492 3579 852 3668 Saxonum,
918 3582 974 3646 si
1031 3581 1199 3647 forte
1260 3581 1506 3666 aliquos
1567 3579 1808 3646 ibidem
1865 3576 2295 3668 praedicando

168 3663 423 3735 Christo
488 3668 830 3757 adquirere
896 3673 1173 3757 possent.
1273 3669 1483 3734 Erant
1545 3678 1761 3734 autem
1825 3671 2012 3734 unius
2076 3669 2292 3753 ambo,

170 3757 330 3823 sicut
374 3759 750 3844 deuotionis,
800 3760 892 3823 sic
938 3759 1133 3824 etiam
1179 3759 1510 3824 uocabuli:
1555 3780 1708 3823 nam
1752 3766 2024 3845 uterque
2071 3781 2292 3824 eorum

169 3837 612 3933 appellabatur
654 3847 981 3925 Heuuald3
1003 3904 1009 3910 .
1032 3871 1109 3914 ea
1154 3857 1374 3914 tamen
1417 3847 1854 3932 distinctione,
1919 3857 1991 3912 ut
2038 3870 2155 3935 pro
2203 3847 2294 3913 di-

275 3955 451 3996 naedae
476 3956 585 3996 hist.
614 3956 725 3996 0001.
926 4003 941 4018 .
1913 3955 1979 4008 16
