2723 4326
171 212 260 265 111.
306 215 532 269 17—18.
2070 174 2075 181 Ι
2184 218 2307 283 131

175 390 509 456 mendans:
559 390 842 456 studium
883 390 1183 457 uidelicet
1216 394 1393 478 pacis
1427 402 1493 456 et
1524 394 1830 477 caritatis,
1880 395 2313 460 continentiae

173 489 236 543 et
276 480 693 565 humilitatis3
740 483 1025 545 animum
1057 482 1192 545 irae
1239 491 1304 545 et
1347 484 1660 547 auaritiae
1705 484 2038 564 uictorem,
2090 505 2309 569 super·

171 570 316 633 biae
388 570 582 633 simul
653 580 717 635 et
784 592 991 635 uanae
1055 571 1300 654 gloriae
1370 580 1865 654 contemtorem3
1929 571 2309 637 industriam

173 658 452 723 faciendi
513 660 704 723 simul
752 668 818 724 et
879 659 1155 724 docendi
1217 659 1527 725 mandata
1586 660 1916 746 caelestia,
1981 662 2311 727 solertiam

171 746 464 812 lectionis
527 757 594 812 et
651 748 1050 833 uigiliarum,
1117 752 1567 814 auctoritatem
1629 748 1963 815 sacerdote
2022 749 2307 837 dignam,

173 836 607 921 redarguendi
670 838 978 924 superbos
1047 860 1124 901 ac
1187 847 1512 924 potentes,
1584 841 1830 924 pariter
1888 849 1953 904 et
2020 840 2307 905 infirmos

161 926 544 991 consolandi
591 949 668 991 ac
712 949 1032 1014 pauperes
1079 926 1413 992 recreandi
1458 928 1560 992 uel
1607 925 1990 993 defendendi
2038 929 2309 994 clemen-

173 1017 348 1080 tiam.
447 1013 603 1097 Qui,
666 1026 737 1079 ut
780 1016 1070 1081 breuiter
1115 1016 1320 1081 multa
1368 1016 1939 1104 comprehendam,
2001 1030 2309 1103 quantum

174 1104 252 1168 ab
284 1104 401 1188 eiS,
453 1106 564 1190 qui
593 1104 773 1168 illum
820 1126 1080 1188 nouere,
1131 1104 1490 1191 didicimus,
1537 1106 1626 1170 nil
1659 1128 1739 1169 ex
1779 1106 2093 1190 omnibus,
2144 1130 2309 1193 quae

176 1194 237 1255 in
281 1192 678 1277 euangelicis
729 1193 830 1259 uel
875 1195 1244 1281 apostolicis
1302 1196 1439 1259 siue
1493 1193 1883 1282 propheticis
1938 1195 2170 1261 litteris
2216 1198 2307 1263 fa-

176 1280 405 1347 cienda
453 1294 874 1367 cognouerat,
945 1284 1499 1369 praetermittere,
1573 1283 1688 1349 sed
1736 1293 1966 1349 cuncta
2012 1308 2129 1372 pro
2176 1287 2306 1351 suis

173 1371 418 1436 uiribus
468 1371 770 1458 operibus
817 1374 1077 1459 explere
1125 1374 1414 1437 curabat.
1506 1372 1693 1438 Haec
1739 1375 1806 1438 in
1854 1375 2147 1461 praefato
2196 1397 2304 1439 an·

171 1462 369 1525 tistite
431 1461 706 1525 multum
766 1462 1158 1548 complector
1205 1470 1268 1527 et
1327 1484 1503 1542 amc,
1574 1463 1724 1548 quia
1784 1464 2088 1527 nimirum
2147 1463 2307 1529 haec

173 1549 286 1614 deo
333 1549 656 1635 placuisse
700 1572 829 1615 non
875 1551 1154 1634 ambigo.
1230 1549 1420 1630 Quod
1466 1561 1687 1616 autem
1732 1552 1973 1638 pascha
2018 1574 2144 1617 non
2192 1575 2307 1617 suo

171 1648 460 1725 tempore
507 1638 911 1725 obseruabat,
959 1640 1066 1704 uel
1112 1643 1491 1705 canonicum
1524 1642 1660 1705 eius
1698 1649 1952 1727 tempus
1998 1644 2306 1726 ignorans

173 1730 270 1793 uel
331 1750 490 1793 suae
549 1729 760 1813 gentis
821 1731 1206 1794 auctoritate
1268 1752 1352 1795 ne
1411 1732 1704 1813 agnitum
1768 1741 2142 1815 sequeretur
2198 1730 2306 1795 de-

172 1818 407 1901 uictus,
473 1839 604 1881 non
662 1815 946 1904 adprobo
993 1840 1114 1883 nec
1158 1816 1369 1883 laudo,
1464 1817 1542 1882 In
1588 1840 1714 1904 quo
1761 1828 1980 1883 tamen
2024 1819 2147 1884 hoc
2193 1819 2302 1884 ad·

173 1907 401 1991 prob0,
465 1908 617 1993 quia
661 1907 727 1970 in
773 1907 1202 1972 celebratione
1251 1910 1349 1971 sui
1394 1906 1673 1993 paschae
1716 1929 1846 1972 non
1892 1908 2065 1973 aliud
2112 1908 2307 1974 corde

173 1997 452 2079 tenebat,
517 1996 951 2061 uenerabatur
997 2006 1062 2061 et
1108 1994 1541 2083 praedicabat,
1594 2019 1785 2082 quam
1835 1997 2007 2082 quod
2051 2020 2189 2081 nos,
2238 1996 2305 2062 id
2395 2014 2401 2020 '

174 2095 265 2149 est
316 2084 788 2150 redemtionem
819 2088 1100 2191 ‘generis
1160 2086 1424 2150 humani
1470 2108 1589 2173 per
1634 2087 2024 2172 passionem,
2091 2110 2301 2152 resur-

171 2177 542 2258 rectionem,
591 2176 1027 2240 ascensionem
1074 2177 1141 2240 in
1187 2176 1399 2241 caelos
1447 2175 1817 2263 mediatoris
1866 2174 1969 2241 dei
2002 2186 2067 2242 et
2098 2177 2301 2241 homi-

171 2287 317 2329 num
375 2265 652 2329 hominis
700 2263 849 2329 Iesu
896 2262 1157 2329 Christi.
1251 2265 1444 2330 Vnde
1492 2275 1557 2330 et
1602 2266 1770 2330 hanc
1822 2287 1977 2352 non,
2038 2276 2107 2331 ut
2166 2269 2299 2351 qui·

173 2352 314 2418 dam
362 2354 526 2418 falso
587 2356 959 2440 opinantur,
1021 2352 1260 2418 XIIII
1305 2355 1459 2418 luna
1504 2356 1570 2418 in
1618 2354 1901 2441 qualibet
1944 2355 2110 2420 feria
2157 2378 2304 2421 cum

171 2442 444 2526 Iudaeis,
496 2441 610 2507 sed
657 2443 762 2508 die
809 2442 1130 2508 dominica
1176 2465 1433 2530 semper
1479 2445 1739 2528 agebat,
1789 2467 1828 2507 a
1872 2445 2022 2508 luna
2067 2442 2305 2509 XIIII⁸

169 2554 369 2618 usque
399 2531 484 2596 ad
518 2530 743 2615 XX⁸¹¹³3
792 2542 1054 2618 propter
1099 2530 1294 2597 fidem
1341 2531 1644 2599 uidelicet
1692 2533 2050 2598 dominicae
2095 2555 2302 2598 resur-

169 2624 498 2705 rectionis,
571 2642 764 2706 quam
825 2643 954 2686 una
1014 2621 1267 2687 sabbati
1326 2622 1600 2708 factam,
1669 2632 2068 2709 propterque
2122 2645 2302 2709 spem

167 2721 422 2775 nostrae
483 2712 1001 2794 resurrectionis,
1069 2733 1262 2798 quam
1317 2710 1543 2776 eadem
1603 2733 1733 2776 una
1791 2711 2074 2795 sabbati,
2142 2734 2305 2798 quae

167 2822 329 2864 nunc
377 2799 704 2864 dominica
749 2798 883 2864 dies
930 2801 1182 2884 dicitur,
1232 2802 1553 2866 ueraciter
1584 2801 1868 2866 futuram
1904 2825 2047 2866 cum
2081 2810 2305 2867 sancta

173 2891 438 2954 ecclesia
487 2888 811 2953 credebat.

1183 3119 1283 3184 18.

445 3275 536 3328 De
574 3273 712 3328 uita
747 3274 853 3329 uel
890 3274 1092 3329 morte
1131 3275 1426 3342 religiosi
1464 3275 1635 3342 regis
1673 3273 2014 3342 sigbercti.

213 3445 224 3456 ·
338 3416 466 3483 His
518 3419 914 3504 temporibus
974 3441 1176 3504 regno
1225 3417 1655 3485 Orientalium
1701 3416 2092 3504 Anglorum,
2153 3425 2299 3503 post

172 3505 607 3594 Earpualdum
654 3505 970 3573 Redualdi
1029 3530 1496 3592 successorem,
1565 3506 1871 3592 Sigberct
1912 3506 2114 3571 frater
2163 3507 2301 3571 eius

169 3598 466 3680 praefuit,
517 3595 708 3660 homo
754 3596 956 3661 bonus
1001 3619 1079 3661 ac
1124 3597 1491 3679 religiosus3
1540 3598 1649 3683 qui
1688 3594 1928 3661 dudum
1961 3598 2023 3660 in
2058 3593 2297 3682 Gallia,

171 3683 314 3749 dum
357 3685 729 3750 inimicitias
775 3684 1093 3751 Redualdi
1139 3687 1392 3772 fugiens
1450 3687 1761 3770 exularet,
1812 3685 2141 3752 lauacrum
2189 3687 2298 3751 ba-

169 3776 380 3858 ptismi
426 3775 753 3860 percepit,
821 3785 886 3839 et
930 3777 1207 3861 patriam
1254 3797 1584 3860 reuersus,
1650 3775 1765 3839 ubi
1810 3796 2010 3861 regno
2059 3777 2297 3862 potitus

173 3872 279 3948 est,
326 3887 480 3928 mox
531 3886 625 3945 ea,
685 3885 848 3948 quae
893 3866 958 3927 in
1005 3862 1212 3929 Gallis
1260 3865 1427 3929 bene
1474 3863 1783 3952 disposita
1827 3865 2007 3950 uidit,
2058 3865 2295 3928 imitari
