2723 4326
445 204 531 267 30
2264 202 2306 255 1.
2346 203 2575 258 20-21.
2685 187 2686 268 ἴ

446 401 571 466 que
617 378 936 464 hostibus,
999 380 1107 466 qui
1155 403 1224 444 se
1269 381 1631 466 insperatos
1677 378 1903 444 adesse
1950 377 2373 458 confiderent,
2428 378 2578 444 alle-

444 469 642 533 luiam
705 469 897 534 tertio
959 470 1306 557 repetitam
1370 467 1734 535 sacerdotes
1796 469 2176 534 exclamant.
2270 465 2582 555 Sequitur

443 579 573 623 una
630 579 760 622 uox
823 559 1106 623 omnium
1165 568 1230 624 et
1285 559 1521 624 elatum
1576 558 1925 624 clamorem
1991 579 2367 644 repercusso
2428 579 2579 621 aere

443 648 759 712 montium
828 647 1126 712 conclusa
1191 647 1653 736 multiplicant:
1718 645 1951 712 hostile
2026 668 2264 731 agmen
2329 655 2580 711 terrore

443 737 900 824 prosternitur,
956 746 1029 801 ut
1087 758 1281 822 super
1339 758 1408 801 se
1460 759 1589 801 non
1633 737 1841 800 solum
1886 758 2080 822 rupes
2129 733 2577 820 circumdatas,

445 825 561 890 sed
620 826 816 890 etiam
871 827 1080 912 ipsam
1125 824 1288 890 caeli
1341 824 1707 890 machinam
1755 826 2251 890 contremiscunt
2294 823 2577 910 trepida-

445 915 735 1000 tionique
793 916 1068 978 iniectae
1135 915 1248 978 uix
1312 913 1611 979 sufficere
1668 912 1905 1000 pedum
1958 915 2309 1000 pernicitas
2356 913 2580 978 crede-

444 1003 656 1067 batur.
749 1000 1000 1068 Passim
1061 1002 1348 1089 fugiunt,
1411 1025 1595 1068 arma
1657 1004 2003 1089 proiciunt,
2069 1000 2427 1088 gaudentes
2473 1003 2584 1067 uel

443 1090 618 1157 nuda
672 1114 942 1178 corpora
997 1092 1310 1177 eripuisse
1374 1090 1755 1158 discrimini:
1816 1091 2033 1178 plures
2094 1091 2289 1156 etiam
2345 1091 2581 1156 timore

444 1181 830 1268 praecipites
875 1180 1130 1265 flumen,
1181 1179 1350 1266 quod
1382 1183 1785 1265 transierant,
1828 1179 2185 1248 deuorauit.
2246 1179 2578 1245 Vltionem

445 1292 629 1336 suam
688 1271 993 1334 innocens
1049 1271 1375 1335 exercitus
1430 1271 1715 1335 intuetur
1773 1278 1837 1334 et
1882 1271 2191 1334 uictoriae
2237 1291 2582 1334 concessae

447 1361 687 1424 otiosus
747 1367 1072 1446 spectator
1127 1358 1424 1424 efficitur.
1532 1356 1754 1446 Spolia
1814 1358 2201 1444 colliguntur
2262 1361 2580 1444 exposita,

447 1456 514 1512 et
569 1447 862 1512 caelestis
923 1447 1179 1534 palmae
1235 1448 1474 1533 gaudia
1528 1449 1709 1514 miles
1762 1447 2099 1531 religiosus
2146 1448 2579 1534 amplectitur.

448 1536 886 1622 Triumphant
939 1535 1274 1623 pontifices
1332 1536 1623 1603 hostibus
1668 1536 1826 1602 fusis
1874 1538 2011 1602 sine
2058 1538 2403 1622 sanguine,
2465 1539 2581 1602 tri-

445 1625 761 1712 umphant
804 1627 1075 1690 uictoria
1120 1625 1249 1691 fide
1293 1626 1575 1711 obtenta,
1623 1648 1749 1692 non
1794 1625 2057 1690 uiribus.

626 1713 998 1800 Composita
1041 1716 1259 1801 itaque
1306 1715 1515 1780 insula
1568 1716 1912 1780 securitate
1965 1713 2333 1800 multiplici,
2394 1735 2584 1801 supe-

444 1804 729 1891 ratisque
789 1802 1078 1868 hostibus
1141 1805 1247 1870 uel
1309 1804 1736 1870 inuisibilibus
1792 1803 1901 1868 uel
1956 1825 2147 1869 carne
2194 1804 2582 1889 conspicuiS,

445 1891 724 1956 reditum
777 1893 1127 1958 moliuntur
1181 1892 1533 1979 pontifices.
1631 1890 1880 1971 Quibus
1938 1891 2348 1978 tranquillam
2402 1895 2587 1956 naui·

447 1983 773 2067 gationem
820 1990 885 2047 et
929 1983 1159 2047 merita
1203 1985 1469 2069 propria
1514 1990 1578 2047 et
1621 1983 1996 2047 intercessio
2050 1981 2228 2046 beati
2271 1983 2588 2066 martyris

446 2069 687 2135 Albani
731 2080 1140 2157 parauerunt,
1191 2073 1566 2159 quietosque
1596 2093 1705 2136 eos
1737 2093 2000 2136 suorum
2038 2067 2373 2136 desideriis
2422 2070 2591 2136 felix

446 2162 664 2225 carina
710 2161 1010 2227 restituit.

1460 2375 1563 2439 21.

445 2512 527 2569 Vt
564 2514 1038 2570 renascentibus
1078 2513 1388 2581 uirgultis
1425 2514 1801 2581 Pelagianae
1838 2514 2037 2584 pestis
2073 2512 2407 2570 Germanus
2448 2530 2600 2571 cum

447 2582 680 2641 Seuero
730 2584 1115 2640 Brittaniam
1163 2599 1459 2641 reuersus
1496 2586 1675 2654 prius
1722 2584 1943 2640 claudo
1981 2585 2195 2640 iuueni
2246 2584 2597 2657 Incassum,

450 2656 674 2712 deiude
710 2657 774 2711 et
813 2656 1043 2726 populo
1070 2657 1197 2724 dei,
1239 2656 1659 2712 condemnatis
1687 2655 1823 2712 siue
1850 2656 2191 2711 emendatis
2215 2655 2600 2727 haereticis,

1051 2741 1335 2794 gressum
1372 2727 1768 2798 recuperarit
1800 2726 1973 2782 fidei·

623 2870 769 2936 Nec
827 2871 1029 2936 multo
1083 2872 1465 2959 interposito
1510 2880 1801 2959 tempore
1845 2872 2174 2935 nuntiatur
2223 2893 2304 2935 ex
2352 2870 2599 2939 eadem
2685 2866 2686 2917 Ῑ

447 2958 658 3023 insula
689 2959 1107 3045 Pelagianam
1150 2962 1644 3045 peruersitatem
1689 2962 1921 3026 iterato
1954 2962 2177 3046 paucis
2208 2962 2602 3029 auctoribus
2685 2986 2686 2989 ’

448 3046 734 3114 dilatari:
795 3070 1144 3135 rursusque
1201 3048 1286 3113 ad
1338 3050 1783 3115 beatissimum
1838 3050 2050 3113 uirum
2095 3071 2319 3135 preces
2370 3072 2596 3116 sacer·
2685 3106 2686 3115 ,

448 3136 670 3203 dotum
716 3140 997 3203 omnium
1044 3136 1421 3203 deferuntur
1436 3188 1454 3221 ,
1518 3148 1592 3203 ut
1646 3157 1906 3204 causam
1963 3135 2091 3222 dei,
2158 3159 2351 3223 quam
2406 3141 2603 3224 prius
2685 3142 2686 3193 ἶ

450 3227 848 3313 obtinuerat,
909 3236 1250 3295 tutaretur.
1344 3227 1635 3307 Quorum
1678 3227 1975 3314 petitioni
2022 3227 2291 3291 festinus
2338 3227 2603 3296 obtem·
2685 3268 2686 3295 5

446 3325 653 3403 perat.
747 3315 1046 3404 Namque
1108 3314 1410 3381 adiuncto
1472 3317 1593 3381 sibi
1650 3315 1897 3383 Seuero
1961 3317 2159 3380 totius
2220 3318 2604 3385 sanctitatis
2685 3376 2686 3401 2

447 3406 617 3484 nire,
664 3406 774 3492 qui
821 3413 958 3470 erat
1002 3404 1346 3490 discipulus
1377 3404 1730 3470 beatissimi
1775 3405 1977 3491 patris
2022 3402 2194 3491 Lupi
2242 3404 2607 3474 Trecasse-
2685 3402 2686 3439 ³

449 3516 679 3558 norum
725 3495 1009 3581 episcopi
1054 3503 1120 3559 et
1163 3502 1317 3559 tunc
1352 3493 1642 3559 Treuiris
1676 3492 2004 3559 ordinatus
2046 3494 2381 3581 episcopus
2430 3516 2605 3579 gen-

451 3582 623 3647 tibus
670 3586 916 3669 primae
961 3580 1352 3649 Germaniae
1397 3583 1669 3649 uerbum
1716 3582 2163 3669 praedicabat,
2209 3604 2391 3647 mare
2440 3608 2607 3652 con·
2685 3596 2686 3645 ἴ

453 3670 698 3736 scendit
767 3682 832 3737 et
897 3671 1443 3738 consentientibus
1507 3672 1840 3738 elementis
1907 3672 2252 3758 tranquillo
2319 3674 2607 3760 nauigio

450 3759 806 3825 Brittanias
851 3762 1058 3847 petiit.

631 3848 890 3915 Interea
949 3852 1190 3916 sinistri
1254 3850 1517 3939 spiritus
1572 3851 1980 3937 peruolantes
2042 3858 2244 3915 totam
2310 3850 2610 3921 insulam
2685 3896 2686 3915 1
