2723 4326
403 194 490 260 40
2376 199 2416 250 1.
2454 199 2544 254 27.

402 371 585 456 iungi
615 369 878 456 debeat3
929 393 1079 438 nam
1117 372 1417 457 secunda,
1468 395 1659 461 quam
1691 375 2146 461 praediximus,
2198 398 2236 439 a
2269 398 2339 440 se
2370 377 2551 440 omni

402 459 593 524 modo
626 459 818 526 debet
848 462 1194 528 abstinere.
1260 459 1426 526 Cum
1471 485 1755 530 nouerca
1784 473 2005 530 autem
2036 467 2307 532 miscere
2338 486 2549 548 graue

403 559 500 614 est
545 549 827 634 facinus,
875 551 1028 637 quia
1072 561 1137 616 et
1181 553 1248 616 in
1294 553 1442 638 lege
1488 555 1801 640 scriptum
1849 562 1948 618 est
1995 551 2226 640 (Leuit.
2281 554 2384 635 18,
2438 552 2545 640 7).

406 639 931 725 ‘Turpitudinem
953 641 1154 727 patris
1178 641 1271 704 tui
1301 663 1431 708 non
1461 641 1823 708 reuelabisss
1879 641 2123 748 Neque
2137 645 2309 709 enim
2339 645 2549 746 patris

401 727 868 815 turpitudinem
928 729 1097 794 filius
1151 730 1444 796 reuelare
1498 740 1731 819 potest.
1833 729 1965 798 Sed
2019 733 2171 817 quia
2230 734 2548 836 scriptum

407 831 502 882 est
549 815 736 904 (Gen.
789 821 858 903 2,
909 816 1060 905 24);
1130 819 1360 884 ‘Erunt
1408 818 1533 886 duo
1589 822 1654 887 in
1701 842 1892 885 carne
1946 821 2094 885 una'
2098 871 2116 905 ,
2174 822 2285 908 qui
2340 823 2549 907 turpi-

404 905 693 972 tudinem
740 928 1079 989 nouercae,
1128 929 1295 994 quae
1327 931 1457 974 una
1484 933 1635 975 caro
1668 933 1815 974 cum
1847 919 2033 996 patre
2062 910 2205 994 fuit,
2247 911 2549 976 reuelare

401 999 883 1083 praesumserit,
917 997 1206 1083 profecto
1239 1000 1441 1083 patris
1472 998 1936 1086 turpitudinem
1968 999 2303 1064 reuelauit.
2376 997 2551 1064 Cum

345 1097 350 1102 “
405 1094 684 1171 cognata
742 1107 996 1172 quoque
1054 1088 1327 1151 miscere
1390 1085 1786 1174 prohibitum
1836 1097 1964 1170 est,
2026 1090 2178 1174 quia
2231 1110 2352 1176 per
2398 1111 2550 1152 con-

402 1176 795 1240 iunctionem
859 1176 1144 1261 priorem
1205 1198 1355 1240 caro
1414 1177 1633 1242 fratris
1694 1178 1905 1242 fuerat
1950 1176 2143 1245 facta.
2237 1177 2368 1241 Pro
2420 1200 2551 1263 qua

401 1287 476 1330 re
507 1265 703 1328 etiam
735 1262 1057 1329 Iohannes
1089 1263 1412 1369 Baptista·
1432 1267 1645 1352 capite
1691 1276 2024 1332 truncatus
2063 1276 2161 1331 est
2206 1276 2275 1332 et
2321 1277 2551 1334 sancto

403 1355 717 1436 martyrio
765 1363 1263 1438 consummatu3‚
1313 1356 1416 1419 cui
1462 1378 1591 1420 non
1638 1365 1737 1420 est
1783 1353 2049 1439 dictum,
2094 1365 2168 1420 ut
2214 1354 2553 1422 Christum

403 1451 702 1527 negaret,
751 1451 815 1506 et
861 1464 979 1528 pro
1026 1441 1269 1509 Christi
1315 1466 1465 1509 oon·
1448 1445 1715 1510 ‘’essione
1762 1446 2007 1510 occisus
2054 1454 2181 1528 est3
2230 1444 2348 1510 sed
2394 1448 2555 1530 quia

403 1529 609 1595 isdem
670 1530 966 1596 dominus
1008 1543 1226 1597 noster
1272 1533 1457 1598 Iesus
1506 1532 1797 1600 Christus
1843 1535 2099 1600 dixerat
2144 1533 2263 1616 (eu.
2314 1533 2547 1598 Ioann.

411 1619 520 1704 14,
572 1619 679 1703 6):
745 1619 911 1706 ‘Ego
969 1643 1114 1688 sum
1156 1645 1271 1686 uei
1274 1623 1449 1707 itas
1512 1623 1665 1710 quia
1728 1645 1844 1710 pro
1904 1623 2177 1688 ueritate
2222 1621 2552 1688 Iohannes

405 1710 656 1774 occisus
704 1720 820 1794 est,
869 1707 1171 1776 uidelicet
1220 1722 1286 1776 et
1331 1734 1450 1798 pro
1496 1710 1754 1778 Christo
1802 1713 2181 1797 sanguinem
2229 1711 2420 1779 fudit.

585 1797 754 1876 Quia
798 1821 955 1866 uero
1003 1809 1152 1864 sunt
1196 1801 1382 1865 multi
1428 1803 1493 1865 in
1528 1799 1890 1886 Anglorum
1934 1811 2150 1886 gente,
2200 1803 2338 1885 qui,
2390 1800 2551 1866 dum

405 1884 615 1951 adhuc
660 1889 729 1952 in
773 1886 1148 1954 infidelitate
1195 1899 1427 1972 essent,
1476 1889 1627 1954 huic
1671 1889 1949 1956 nefando
1994 1891 2295 1974 coniugio
2326 1889 2553 1955 dicun-

405 1985 511 2040 tur
571 1974 876 2060 admixti,
937 1977 1022 2042 ad
1073 1976 1269 2042 fidem
1289 1981 1651 2050 uenientes
1698 1977 2083 2045 admonendi
2130 1987 2309 2063 sunt,
2359 1991 2434 2044 ut
2482 2001 2552 2044 se

405 2064 790 2150 abstineant,
839 2076 906 2131 et
951 2089 1154 2153 graue
1203 2067 1325 2132 hoo
1357 2091 1499 2134 esse
1530 2078 1870 2154 peccatum
1903 2077 2313 2154 cognoscant.
2382 2067 2549 2133 Tre-

404 2153 711 2222 mendum
757 2117 863 2222 dei
906 2156 1216 2223 iudicium
1262 2157 1559 2243 timeant,
1618 2181 1701 2224 ne
1747 2182 1865 2246 pro
1912 2158 2155 2224 carnali
2202 2156 2551 2224 dilectione

404 2255 726 2311 tormenta
791 2248 1038 2311 aeterni
1104 2247 1425 2311 cruciatus
1485 2250 1836 2314 incurrant.
1929 2247 2079 2313 Non
2142 2256 2364 2312 tamen
2429 2270 2551 2334 pro

403 2334 526 2399 hac
589 2357 660 2401 re
725 2333 892 2399 sacri
939 2338 1226 2423 corporis
1285 2360 1363 2401 ac
1428 2338 1757 2421 sanguinis
1804 2334 2045 2401 domini
2102 2338 2556 2402 communione

407 2423 707 2511 priuandi
753 2433 932 2507 sunt,
979 2448 1062 2489 ne
1108 2427 1177 2489 in
1225 2426 1316 2490 eis
1366 2424 1478 2491 illa
1522 2426 1746 2491 ulcisci
1791 2424 2155 2510 uideantur,
2204 2427 2269 2489 in
2318 2425 2555 2511 quibus

407 2536 476 2578 se
519 2536 636 2599 per
681 2515 1115 2598 ignorantiam
1163 2523 1312 2580 ante
1358 2514 1692 2581 lauacrum
1738 2516 2145 2603 baptismatis
2188 2513 2557 2580 adstrinxe-

409 2612 578 2670 runt.
676 2602 756 2667 In
823 2603 946 2667 hoc
1013 2604 1186 2668 enim
1248 2612 1542 2690 tempore
1612 2614 1834 2669 sancta
1895 2605 2170 2669 ecclesia
2231 2604 2555 2689 quaedam

405 2714 521 2777 per
577 2690 900 2758 feruorem
948 2694 1243 2777 corrigit,
1305 2693 1623 2779 quaedam
1677 2717 1794 2780 per
1838 2691 2405 2759 mansuetudinem
2453 2702 2550 2757 to-

405 2781 590 2865 lerat,
640 2780 956 2867 quaedam
1002 2804 1123 2867 per
1167 2782 1747 2847 considerationem
1796 2782 2175 2867 dissimulat,
2224 2790 2420 2867 atque
2464 2785 2557 2847 ita

405 2877 625 2955 portat
672 2878 738 2934 et
785 2868 1170 2954 dissimulat,
1227 2880 1300 2935 ut
1355 2894 1551 2958 saepe
1606 2872 1875 2953 malum,
1932 2871 2101 2958 quod
2149 2870 2551 2953 aduersatur‚

406 2956 722 3045 portando
768 2969 835 3024 et
879 2922 1340 3030 dissimulando
1387 2970 1776 3047 compescat.
1857 2958 2104 3026 Omnes
2150 2970 2391 3042 autem,
2442 2962 2554 3046 qui

407 3046 491 3113 ad
521 3045 716 3112 fidem
747 3050 1033 3133 ueniunt,
1081 3048 1471 3115 admonendi
1500 3058 1667 3133 sunt,
1718 3072 1799 3114 ne
1832 3049 1961 3115 tale
1992 3048 2232 3153 aliquid
2264 3046 2555 3113 audeant

405 3144 802 3225 perpetrare.
883 3136 1067 3224 Siqui
1113 3148 1329 3203 autem
1380 3140 1919 3225 perpetrauerint,
1968 3139 2255 3241 corporis
2302 3149 2369 3203 et
2410 3160 2553 3203 san-

407 3230 621 3312 guinis
668 3224 910 3292 domini
957 3230 1409 3293 communione
1456 3226 1757 3313 priuandi
1802 3237 1978 3292 sunt.
2042 3230 2221 3314 quia,
2272 3230 2443 3291 sicut
2488 3230 2555 3292 in

405 3316 506 3380 h1s
515 3366 536 3399 ,
607 3318 719 3403 qui
792 3340 912 3403 per
976 3318 1416 3402 ignorantiam
1484 3317 1808 3401 fecerunt,
1886 3316 2077 3403 culpa
2144 3316 2553 3402 aliquatenus

407 3404 742 3471 toleranda
789 3416 904 3491 est,
952 3408 1044 3471 ita
1089 3408 1156 3470 in
1200 3406 1300 3471 his
1346 3406 1602 3471 fortiter
1648 3406 2061 3492 insequenda,
2110 3406 2221 3491 qui
2259 3428 2392 3469 non
2424 3429 2553 3471 me-

405 3503 596 3559 tuunt
641 3493 904 3561 sciendo
951 3518 1244 3582 peccare.

588 3583 704 3649 VI.
751 3584 1186 3669 Interrogatio
1231 3582 1625 3669 Augustini.
1697 3582 1769 3649 Si
1815 3584 2255 3668 longinquitas
2302 3584 2552 3649 itineris

408 3691 648 3755 magna
677 3674 1034 3755 interiacet,
1083 3682 1156 3737 ut
1189 3674 1474 3778 episcopi
1515 3695 1644 3737 non
1674 3672 1863 3737 facile
1894 3674 2153 3737 ualeant
2185 3675 2549 3754 conuenire,

409 3782 526 3913 and
532 3760 772 3912 debesst
819 3764 957 3827 sine
1001 3762 1274 3827 aliorum
1306 3764 1755 3849 episcoporum
1800 3762 2167 3849 praesentia
2214 3763 2555 3849 episcopus

410 3871 483 3913 or
528 3872 692 3913 mari
