2723 4326
495 189 580 254 84
2288 183 2355 236 11.
2395 183 2621 240 10—11.

493 363 735 430 dictum
797 372 922 448 est,
985 365 1050 428 in
1097 363 1287 428 deum
1332 370 1587 450 patrem
1633 363 2136 449 omnipotentem
2184 369 2248 426 et
2293 363 2359 425 in
2405 360 2622 426 Iesum
2695 413 2696 450 3

492 454 820 521 Christum
867 455 1001 518 eius
1045 451 1249 518 filium
1280 462 1344 517 et
1376 453 1671 538 spiritum
1702 460 1997 517 sanctum
2030 461 2096 518 et
2124 450 2621 537 inseparabilem
2695 453 2696 506 1

491 545 876 627 trinitatem3
946 541 1186 628 fugatis
1243 541 1729 607 daemoniorum
1794 541 2084 606 sensibus
2144 541 2544 627 expulsaque
2587 562 2623 604 a
2695 541 2696 552 ’

492 635 676 700 uobis
744 632 1190 707 sollicitatione
1255 633 1558 695 uenenosi
1619 639 1684 696 et
1742 629 2144 718 deceptibilis
2206 629 2439 712 hostis,
2510 651 2623 715 per

491 745 727 809 aquam
773 731 840 787 et
885 723 1181 808 spiritum
1229 729 1523 785 sanctum
1568 721 1774 784 renati
1819 723 1895 806 ei,
1945 722 2046 785 cui
2092 717 2518 800 credideritis,
2563 720 2623 782 in
2694 773 2696 812 ;

491 811 832 899 splendore
882 811 1124 896 gloriae
1171 810 1599 897 sempiternae
1646 806 2037 894 cohabitare,
2093 810 2227 874 eius
2275 808 2623 895 opitulante
2695 813 2696 826 ³

492 898 935 966 munificentia
978 899 1271 967 ualeatis.
2695 895 2696 978 ζ

709 991 1056 1054 Praeterea
1129 985 1640 1053 benedictionem
1715 986 2097 1072 protectoris
2174 987 2378 1052 uestri
2455 987 2624 1051 beati

493 1079 673 1144 Petri
719 1079 1155 1164 apostolorum
1199 1077 1508 1165 principis
1554 1075 1739 1140 uobis
1786 1074 2159 1156 direximus,
2207 1073 2275 1141 id
2306 1084 2405 1140 est
2438 1077 2625 1141 cami·
2695 1087 2696 1158 j

495 1171 658 1234 siam
719 1189 863 1231 cum
926 1176 1228 1233 ornatura
1272 1167 1340 1231 in
1386 1187 1541 1230 auro
1588 1186 1715 1230 una
1770 1173 1834 1230 et
1879 1164 2023 1229 lena
2056 1162 2413 1230 Anciriana
2472 1186 2620 1229 una:
2695 1181 2696 1228 ὲ

494 1257 666 1345 quod
726 1258 1040 1343 petimus,
1110 1264 1184 1320 ut
1243 1276 1316 1320 eo
1376 1254 1795 1340 benignitatis
1858 1255 2073 1319 animo
2140 1255 2351 1338 gloria
2414 1263 2623 1319 uestra
2695 1325 2696 1330 ἵ

494 1346 818 1433 suscipiat,
867 1366 990 1431 quo
1038 1368 1077 1410 a
1121 1344 1306 1410 nobis
1351 1344 1635 1408 noscitur
1682 1340 2111 1409 destinatum.'
2695 1359 2696 1364 ’

1510 1627 1614 1692 11.

529 1804 610 1864 vt
645 1802 967 1870 coniugem
1003 1797 1237 1872 ipsius,
1275 1816 1392 1872 per
1430 1801 1795 1872 epistulam,
1834 1801 2062 1858 salutIs
2098 1801 2279 1858 illius
2317 1800 2595 1858 sedulam

1153 1905 1342 1960 agere
1380 1905 1593 1947 curam
1629 1889 1968 1947 monuerit.

672 2051 778 2117 Ad
835 2052 1174 2138 coniugem
1229 2073 1484 2139 quoque
1537 2052 1707 2118 illius
1753 2051 2217 2137 Aedilbergam
2259 2050 2624 2119 huiusmodi
2695 2089 2696 2092 ¹

496 2145 743 2211 litteras
790 2141 960 2209 idem
1007 2140 1300 2229 pontifex
1343 2143 1546 2207 misit:

621 2229 625 2233 ’
757 2232 1112 2319 Exemplar
1173 2231 1482 2319 epistulae
1535 2232 1891 2298 beatissimi
1937 2241 2002 2297 et
2046 2230 2383 2317 apostolici
2427 2230 2622 2297 Boni·
2694 2238 2696 2323 }

759 2320 902 2385 fatii
946 2342 1152 2407 papae
1198 2321 1375 2386 urbis
1419 2321 1665 2387 Romae
1718 2320 2003 2387 directae
2050 2318 2489 2405 Aedilbergae
2534 2344 2624 2386 re·
2694 2334 2696 2407 ss

761 2412 953 2496 ginae
998 2406 1287 2476 Aeduini'
1321 2412 1515 2495 regis.
2695 2420 2696 2425 ’

675 2498 1014 2565 ‘Dominae
1059 2500 1377 2585 gloriosae
1421 2497 1592 2563 filiae
1636 2496 2071 2585 Aedilbergae
2117 2499 2384 2584 reginae
2428 2498 2622 2565 Boni·

497 2591 692 2657 satius
742 2590 1077 2676 episcopus
1125 2610 1348 2654 seruus
1397 2610 1726 2653 seruorum
1774 2588 1895 2653 dei.

670 2676 1074 2743 Redemtoris
1119 2679 1322 2743 nostri
1379 2678 1743 2762 benignitas
1802 2677 2081 2743 humano
2140 2678 2393 2761 generi,
2456 2676 2625 2765 quod
2695 2740 2696 2743 ,

493 2767 763 2855 pretiosi
825 2768 1154 2851 sanguinis
1216 2769 1314 2831 sui
1374 2767 1681 2832 effusione
1729 2788 1768 2830 a
1811 2768 2082 2832 uinculis
2128 2766 2489 2831 diabolicae
2534 2789 2625 2831 ca-

495 2856 812 2943 ptiuitatis
845 2858 1106 2943 eripuit,
1152 2858 1391 2922 multae
1439 2854 1909 2943 prouidentiae,
1970 2854 2199 2941 quibus
2247 2855 2625 2937 saluaretur,

497 2946 866 3032 propinauit
911 2943 1222 3029 remedia3
1273 2953 1589 3031 quatenus
1636 2946 1733 3008 sui
1778 2946 2053 3010 nominis
2100 2945 2500 3029 agnitionem
2540 2944 2623 3009 di-

496 3056 687 3121 uerso
733 3032 922 3099 modo
963 3034 1261 3119 gentibus
1290 3036 1694 3099 innotescens
1726 3032 2079 3099 creatorem
2112 3056 2296 3099 suum
2328 3043 2623 3120 suscepto

499 3122 902 3189 Christianae
946 3120 1097 3187 fidei
1142 3131 1567 3208 agnoscerent
1612 3131 2031 3189 sacramento.
2098 3121 2287 3201 Quod
2327 3123 2623 3209 equidem

496 3214 566 3279 in
610 3222 864 3279 uestrae
911 3212 1154 3297 gloriae
1199 3212 1489 3277 sensibus
1538 3213 1798 3277 caelesti
1842 3213 2161 3278 conlatum
2193 3234 2457 3279 munere
2493 3235 2623 3299 my-

499 3304 661 3368 stica
734 3302 1244 3388 regenerationis
1320 3310 1577 3368 uestrae
1651 3302 1953 3389 purgatio
2027 3310 2324 3389 patenter
2398 3303 2621 3366 innuit.

497 3390 743 3477 Magno
796 3413 951 3477 ergo
1008 3391 1324 3476 largitatis
1382 3389 1736 3455 dominicae
1793 3390 2107 3457 beneficio
2150 3412 2347 3455 -mens
2404 3400 2623 3456 nostra

499 3480 736 3566 gaudio
783 3480 1112 3566 exultauit,
1163 3480 1333 3567 quod
1382 3480 1721 3546 scintillam
1764 3478 2155 3546 orthodoxae
2201 3481 2535 3565 religionis
2562 3482 2621 3543 in
2694 3514 2696 3517 ⁴

498 3574 701 3636 uestri
759 3570 1060 3655 dignatus
1114 3578 1214 3634 est
1273 3570 1673 3635 confessione
1733 3567 2136 3635 succendere.
2230 3569 2337 3634 Ex
2382 3591 2512 3657 qua
2554 3590 2619 3633 re

499 3681 630 3725 non
687 3660 892 3724 solum
951 3659 1214 3745 gloriosi
1274 3660 1563 3745 coniugis
1622 3661 1849 3745 uestri,
1911 3661 2110 3723 immo
2155 3660 2349 3725 totius
2414 3659 2617 3744 gentis

499 3749 865 3836 subpositae
923 3749 1110 3813 uobis
1171 3748 1677 3835 intellegentiam
1729 3748 1796 3812 in
1861 3771 2080 3813 amore
2139 3748 2237 3813 sui
2294 3746 2486 3815 facile
2530 3750 2616 3813 in-

500 3837 880 3903 flammaret.
