2723 4326
388 199 513 264 160
2296 192 2394 246 111.
2434 193 2522 247 29.

391 372 649 439 Christo
697 373 980 438 omnium
1025 373 1372 439 conditore.
1452 370 1891 452 Quamobrem
1937 379 2193 456 oportet
2237 379 2527 436 uestram

389 462 854 544 celsitudinem,
901 471 1126 549 utpote
1173 463 1534 528 membrum
1580 463 1865 526 existens
1904 458 2165 545 Christi,
2210 460 2279 523 in
2324 462 2527 548 omni-

384 553 504 619 bus
535 554 709 639 piam
738 551 1034 636 regulam
1073 555 1256 638 sequi
1297 552 1669 639 perenniter
1715 551 2023 637 principis
2070 549 2525 636 apostolorum,

387 643 522 706 siue
569 643 638 706 in
681 641 922 727 pascha
966 639 1419 707 celebrandum
1466 642 1603 706 siue
1648 642 1716 704 in
1763 639 2077 722 omnibus,
2127 660 2290 724 quae
2327 639 2526 704 tradi-

386 731 615 796 derunt
660 731 864 795 sancti
906 732 1180 816 apostoli
1233 731 1464 795 Petrus
1498 739 1561 794 et
1592 727 1851 811 Paulus,
1900 728 2010 814 qui
2054 736 2127 792 ut
2170 726 2295 791 duo
2339 728 2525 792 lumi-

383 821 568 884 naria
613 818 774 882 caeli
819 819 1202 885 inluminant
1247 817 1576 902 mundum,
1626 819 1719 882 sic
1750 818 2043 883 doctrina
2074 837 2296 881 eorum
2332 815 2529 882 corda

385 908 717 973 hominum
763 908 996 973 cotidie
1040 911 1341 974 inlustrat
1386 908 1830 973 credentium.’

561 995 650 1061 Et
694 1007 843 1083 post
887 999 1217 1082 nonnulla,
1287 998 1520 1084 quibus
1569 996 1649 1062 de
1694 994 2083 1061 celebrando
2136 1016 2251 1081 per
2300 995 2527 1059 orbem

389 1095 594 1151 totum
642 1107 766 1150 uno
813 1108 968 1151 uero
1015 1087 1256 1174 pascha
1299 1088 1600 1173 loquitur.

565 1173 935 1239 ‘Hominem
981 1175 1278 1262 denique’
1326 1177 1536 1262 inquit
1596 1172 1961 1238 ‘docibilem
2004 1181 2071 1236 et
2115 1173 2183 1236 in
2228 1173 2527 1237 omnibus

389 1273 684 1328 ornatum
741 1265 1122 1350 antistitem,
1183 1265 1537 1330 secundum
1591 1271 1954 1328 uestrorum
2000 1263 2387 1349 scriptorum
2434 1271 2528 1326 te-

385 1375 629 1437 norem,
677 1353 940 1417 minime
985 1355 1301 1420 ualuimus
1333 1377 1503 1418 nunc
1546 1353 1880 1439 repperire
1909 1371 2027 1437 pro
2059 1351 2529 1436 longinquitate

386 1443 654 1506 itineris.
719 1441 1018 1506 Profecto
1065 1445 1236 1508 enim
1285 1443 1437 1508 dum
1482 1439 1851 1507 huiusmodi
1895 1450 2049 1526 apta
2092 1449 2530 1526 reppertaque

387 1553 663 1617 persona
724 1531 946 1613 fuerit,
1015 1554 1162 1596 eum
1230 1535 1613 1598 instructum
1678 1529 1761 1594 ad
1822 1539 2110 1593 uestram
2173 1527 2529 1614 dirigemus

387 1621 696 1706 patriam,
761 1629 834 1684 ut
896 1622 1036 1707 ipse
1102 1633 1168 1688 et
1229 1625 1381 1686 uiua
1448 1642 1607 1685 uoce
1676 1628 1741 1682 et
1804 1640 1921 1705 per
1988 1616 2207 1682 diuina
2271 1617 2533 1682 oracula

391 1730 646 1774 omnem
691 1709 935 1775 inimici
981 1713 1299 1777 zizaniam
1317 1733 1401 1776 ex
1425 1711 1600 1774 omni
1622 1719 1841 1772 uestra
1884 1707 2091 1772 insula
2116 1727 2263 1770 cum
2309 1705 2531 1771 diuino

389 1806 550 1863 nutu
595 1797 896 1863 eradicet.
959 1798 1344 1865 Munuscula
1374 1822 1413 1864 a
1445 1808 1662 1864 uestra
1708 1795 2085 1861 celsitudine
2130 1795 2323 1860 beato
2354 1797 2531 1882 prin-

391 1888 516 1973 cipi
575 1887 1007 1973 apostolorum
1071 1889 1316 1954 directa
1360 1911 1479 1976 pro
1526 1896 1791 1952 aeterna
1838 1887 1973 1950 eius
2030 1887 2343 1949 memoria
2388 1907 2526 1949 sus—

390 1977 672 2061 cepimus
692 2025 710 2058 ,
792 1979 1164 2064 gratiasque
1247 1979 1498 2064 agimus
1566 1999 1643 2040 ac
1705 1996 1824 2063 pro
1888 1975 2022 2038 eius
2090 1973 2531 2038 incolumitate

391 2065 629 2149 iugiter
675 2063 869 2129 deum
914 2067 1338 2154 deprecamur
1386 2088 1534 2131 cum
1581 2063 1824 2129 Christi
1869 2063 2059 2128 clerc.
2138 2061 2371 2148 Itaque
2416 2065 2531 2148 qui

392 2153 554 2219 haec
600 2153 831 2220 obtulit
877 2179 1165 2239 munera,
1215 2155 1296 2221 de
1327 2155 1450 2221 hac
1496 2154 1864 2220 subtractus
1898 2160 1996 2233 est
2026 2152 2190 2235 luce,
2240 2153 2533 2237 situsque

389 2241 473 2307 ad
515 2244 738 2308 limina
785 2245 1248 2331 apostolorum,
1308 2268 1427 2333 pro
1476 2267 1600 2331 quo
1647 2241 1835 2307 ualde
1881 2264 2101 2306 sumus
2147 2243 2531 2326 contristati,

391 2354 503 2397 cur
548 2330 654 2397 hic
699 2343 868 2399 esset
916 2334 1274 2403 defunctus.
1335 2334 1809 2399 Verumtamen
1854 2330 2095 2415 gerulis
2124 2328 2351 2394 harum
2383 2352 2533 2395 nos-

390 2429 638 2485 trarum
699 2421 1060 2488 litterarum
1124 2425 1360 2489 uestris
1428 2424 1673 2505 missis,
1753 2418 2069 2485 beneficia
2138 2428 2533 2503 sanctorum,

393 2510 514 2574 hoc
559 2520 658 2574 est
701 2512 1003 2597 reliquias
1049 2512 1389 2577 beatorum
1435 2509 1869 2599 apostolorum
1916 2508 2099 2573 Petri
2144 2518 2208 2572 et
2252 2507 2439 2573 Pauli
2468 2519 2538 2573 et

394 2607 762 2664 sanctorum
806 2610 1166 2685 martyrum
1212 2601 1579 2686 Laurentii,
1626 2598 1934 2663 Iohannis
1966 2606 2033 2661 et
2061 2598 2249 2662 Pauli
2280 2606 2345 2661 et
2378 2594 2535 2661 Gri-

395 2689 564 2771 gorii
593 2697 788 2774 atque
819 2688 1123 2755 Pancrati
1156 2693 1246 2755 eis
1283 2692 1556 2755 fecimus
1603 2690 1762 2773 dari,
1808 2697 2065 2751 uestrae
2111 2686 2539 2756 excellentiae

393 2776 683 2862 profecto
740 2800 962 2843 omnes
1018 2779 1505 2845 contradendas.
1598 2777 1774 2843 Nam
1820 2786 1885 2841 et
1934 2776 2193 2859 coniugi
2250 2783 2538 2857 uestrae,

393 2874 649 2930 nostrae
710 2868 983 2952 spiritali
1041 2868 1241 2954 filiae,
1303 2868 1651 2933 direximus
1713 2888 1830 2954 per
1889 2864 2215 2952 praefatos
2274 2864 2539 2948 gerulos

396 2975 652 3018 crucem
716 2956 968 3021 clauem
1031 2980 1295 3022 auream
1356 2956 1705 3021 habentem
1755 2954 1835 3019 de
1890 2954 2337 3019 sacratissimis
2392 2954 2537 3017 uin-

396 3043 558 3107 culis
624 3044 960 3110 beatorum
1022 3047 1201 3111 Petri
1267 3056 1332 3111 et
1398 3046 1584 3111 Pauli
1658 3043 2119 3131 apostolorum:
2199 3041 2281 3106 de
2352 3043 2541 3106 cuius

395 3133 503 3219 pio
551 3133 761 3198 studio
809 3144 1300 3221 cognoscentes,
1371 3144 1622 3200 tantum
1670 3142 1902 3198 cuncta
1948 3130 2132 3197 sedes
2178 3131 2544 3217 apostolica

398 3243 527 3285 una
583 3223 917 3288 nobiscum
975 3224 1280 3309 laetatur,
1343 3233 1655 3310 quantum
1702 3226 1839 3287 eius
1892 3222 2003 3308 pia
2062 3242 2258 3306 opera
2317 3242 2543 3284 coram

399 3310 518 3375 deo
582 3312 860 3397 flagrant
929 3321 994 3377 et
1055 3321 1347 3378 uernant.
1457 3313 1749 3377 Festinet
1815 3312 2047 3395 igitur,
2126 3330 2543 3394 quaesumus,

398 3408 616 3465 uestra
676 3402 1013 3485 celsitudo,
1076 3412 1150 3466 ut
1197 3412 1519 3489 optamus,
1581 3410 1785 3466 totam
1847 3420 2027 3463 suam
2086 3399 2362 3463 insulam
2416 3398 2543 3461 deo

402 3487 658 3554 Christo
692 3489 925 3555 dicare.
990 3491 1288 3556 Profecto
1323 3492 1494 3556 enim
1530 3490 1726 3556 habet
1770 3496 2227 3576 protectorem,
2273 3486 2547 3552 humani

404 3579 660 3661 generis
719 3579 1148 3645 redemtorem
1207 3579 1537 3645 dominum
1580 3590 1873 3645 nostrum
1917 3574 2137 3641 Iesum
2184 3574 2545 3659 Christum,

405 3669 516 3752 qui
573 3668 630 3731 ei
691 3678 922 3734 cuncta
1000 3692 1312 3757 prospera
1392 3670 1722 3756 inpertiet,
1809 3668 1903 3730 uti
1984 3687 2222 3730 nouum
2296 3662 2549 3730 Christi

403 3755 711 3841 populum
769 3767 1139 3837 coaceruet‚
1201 3760 1583 3823 catholicam
1643 3758 1736 3822 ibi
1793 3766 1857 3821 et
1910 3755 2328 3841 apostolicam
2390 3777 2543 3818 con-

408 3845 678 3907 stituens
736 3844 950 3911 fidem.
1045 3845 1375 3933 Scriptum
1436 3858 1535 3913 est
1594 3849 1765 3913 enim
1824 3842 1945 3932 (eu.
1993 3843 2219 3909 Matlh·
2268 3846 2341 3925 6,
2393 3842 2543 3930 33)=
