2723 4326
475 199 556 262 10
2361 197 2401 248 Ι.
2443 197 2604 252 3—4.
2696 207 2698 270 j

1504 395 1562 456 3.

470 531 548 587 vt
594 533 844 587 eandem
890 533 1190 588 secundus
1228 533 1638 588 Romanorum
1676 531 1969 588 Claudius
2021 533 2234 588 adiens
2247 569 2267 600 ,
2328 533 2600 588 Orcadas
2696 541 2698 586 ἰ

469 603 656 658 etiam
693 603 933 658 insulas
959 605 1228 660 Romano
1265 603 1571 659 adiecerit
1595 603 1885 673 Imperio.
1950 603 2068 659 Sed
2095 605 2159 659 et
2183 603 2601 673 Vespasianus
2696 603 2698 642 ἲ

541 675 615 729 ab
644 689 715 730 eo
740 675 964 730 missus
989 674 1238 731 Vectam
1265 689 1505 743 quoque
1534 674 1798 729 insulam
1826 675 2115 731 Romanis
2148 675 2527 731 subdiderit.

647 801 836 865 Anno
871 809 1088 866 autem
1115 801 1196 864 ab
1219 801 1402 864 Vrbe
1428 799 1685 866 condita
1707 798 2303 888 DOO0XC⁰V[111]⁰
2328 801 2598 878 <Ti.>
2696 789 2698 818 ¹

470 888 774 954 Claudius
819 891 1170 977 imperator
1221 888 1304 954 ab
1348 890 1641 970 Augusto
1690 899 1989 975 quartu8‚
2053 893 2317 976 cupiens
2375 893 2601 956 utilem

467 978 864 1064 reipublicae
911 988 1232 1043 ostentare
1279 980 1669 1065 principem,
1722 980 1959 1043 bellum
2006 980 2242 1066 ubique
2290 990 2355 1046 et
2399 982 2600 1046 uicto·
2696 975 2698 984 Α

467 1070 631 1132 riam
706 1066 1150 1152 undecumque
1220 1069 1561 1153 quaesiuit.
1672 1067 1903 1153 Itaque
1979 1069 2456 1154 expeditionem
2532 1071 2600 1134 in

467 1156 854 1221 Brittaniam
899 1160 1122 1239 mouit,
1171 1178 1338 1241 quae
1371 1159 1651 1222 excitata
1696 1159 1763 1221 in
1795 1159 2144 1222 tumultum
2174 1168 2438 1244 propter
2470 1182 2598 1223 non
2696 1163 2698 1174 ⁴

466 1245 819 1312 redhibitos
883 1247 1254 1330 transfugas
1317 1244 1689 1311 uidebatur:
1754 1256 2162 1312 transuectus
2206 1249 2275 1312 in
2319 1247 2597 1312 insulam

467 1346 583 1418 est,
632 1357 828 1420 quam
872 1356 1080 1420 neque
1126 1343 1274 1399 ante
1319 1332 1561 1399 Iulium
1608 1334 1956 1400 Caesarem
2000 1359 2211 1421 neque
2257 1346 2403 1422 post
2450 1359 2598 1401 eum
2696 1341 2698 1388 ἱ

467 1425 806 1510 quisquam
851 1424 1033 1489 adire
1080 1447 1270 1488 ausus
1315 1424 1558 1508 fuerat,
1604 1424 1826 1510 ibique
1874 1426 2009 1488 sine
2055 1426 2183 1489 ullo
2229 1425 2473 1511 proelio
2522 1449 2601 1491 ac
2696 1429 2698 1510 ζ

433 1525 436 1528 ’
467 1513 778 1596 sanguine
823 1513 994 1577 intra
1038 1515 1457 1599 paucissimos
1488 1513 1625 1579 dies
1670 1516 2015 1600 plurimam
2058 1514 2303 1578 insulae
2344 1524 2600 1601 partem
2696 1515 2698 1538 ³

466 1603 534 1667 in
566 1600 952 1667 deditionem
999 1604 1259 1688 recepit.
1337 1601 1630 1670 Orcadas
1678 1604 1876 1667 etiam
1920 1605 2159 1667 insulas
2207 1603 2375 1668 ultra
2420 1603 2597 1669 Brit·
2696 1609 2698 1688 ξ

465 1693 710 1757 taniam
772 1693 837 1753 in
903 1689 1166 1757 Oceano
1230 1693 1472 1778 positas
1531 1692 1823 1756 Romano
1884 1691 2119 1758 adiecit
2187 1693 2459 1778 imperio
2522 1717 2601 1758 ac

467 1791 670 1860 sexto,
719 1803 913 1866 quam
945 1780 1268 1866 profectus
1302 1790 1459 1865 erat,
1507 1803 1731 1846 mense
1760 1781 2034 1845 Romam
2078 1781 2289 1864 rediit,
2336 1782 2601 1868 filioque

466 1891 580 1933 suo
614 1868 956 1934 Brittanici
999 1892 1234 1935 nomen
1274 1871 1598 1955 imposuit.
1662 1869 1808 1934 Hoc
1845 1880 2063 1935 autem
2094 1871 2335 1936 beilum
2368 1882 2599 1956 quarto
2696 1915 2698 1924 2

465 1959 724 2043 imperii
770 1960 868 2022 sui
913 1981 1078 2024 anno
1120 1959 1485 2045 compleuit,
1535 1962 1645 2044 qui
1678 1967 1775 2023 est
1806 1981 2010 2024 annus
2040 1960 2124 2024 ab
2157 1962 2601 2026 incarnatione
2696 2005 2698 2020 2

466 2046 708 2112 domini
751 2045 1033 2131 XLVI.;
1096 2069 1220 2133 quo
1287 2050 1482 2112 etiam
1549 2070 1715 2112 anno
1781 2048 1985 2113 fames
2049 2051 2435 2132 grauissima
2478 2073 2600 2135 per
2696 2063 2698 2078 ²

465 2133 729 2223 Syriam
775 2137 949 2202 facta
996 2146 1128 2221 est,
1189 2159 1354 2223 quae
1399 2139 1467 2202 in
1512 2137 1764 2203 actibus
1811 2139 2241 2225 apostolorum
2288 2161 2406 2225 per
2451 2161 2599 2225 pro·
2696 2137 2698 2215 ]

465 2226 732 2312 phetam
777 2226 1082 2311 Agabum
1129 2228 1463 2311 praedicta
1509 2249 1649 2292 esse
1696 2237 2110 2294 memoratur.
2696 2234 2698 2311 ἦ

643 2315 749 2380 Ab
795 2315 1022 2379 eodem
1072 2314 1338 2380 Claudio
1386 2315 1851 2402 VespasianuS,
1911 2319 2020 2402 qui
2075 2326 2221 2403 post
2270 2315 2602 2381 Neronem

463 2404 836 2490 imperauit,
896 2406 962 2468 in
1014 2404 1405 2471 Brittaniam
1464 2408 1697 2470 missus
1745 2408 1939 2469 etiam
1983 2403 2254 2469 Vectam
2300 2406 2597 2490 insulam,

465 2492 826 2558 Brittaniae
869 2496 1230 2579 proximam
1275 2516 1316 2558 a
1360 2493 1651 2579 meridie,
1699 2494 2134 2559 Romanorum
2166 2492 2399 2559 dicioni
2448 2497 2594 2563 sub·
2696 2502 2698 2553 ἴ

465 2584 744 2666 iugauit3
794 2604 958 2668 quae
1004 2582 1202 2648 habet
1247 2584 1329 2648 ab
1374 2585 1621 2648 oriente
1666 2586 1731 2648 in
1776 2605 2073 2647 occasum
2102 2581 2307 2646 XXX
2340 2586 2601 2650 circiter
2696 2622 2698 2635 ι

467 2672 642 2734 milia
688 2694 1012 2757 passuum,
1063 2672 1144 2736 ab
1190 2673 1433 2737 Austro
1461 2675 1527 2736 in
1558 2672 1836 2737 Boream
1867 2670 2019 2753 XII,
2068 2674 2134 2735 in
2180 2673 2599 2738 orientalibus
2696 2674 2698 2737 ζ

466 2762 596 2823 suis
639 2760 929 2846 partibus
975 2763 1138 2825 mari
1177 2760 1276 2825 VI
1322 2762 1589 2845 milium,
1637 2763 1703 2825 in
1751 2760 2247 2826 occidentalibus
2294 2764 2510 2846 trium,
2562 2787 2601 2828 a

465 2849 820 2914 meridiano
879 2850 1240 2915 Brittaniae
1307 2852 1497 2915 litore
1569 2850 1832 2915 distans.
1948 2847 2312 2915 Succedens
2380 2860 2597 2915 autem
2697 2862 2698 2881 ¹

467 2934 734 3001 Claudio
799 2940 867 3003 in
925 2940 1268 3024 imperium
1314 2937 1493 3004 Nero
1558 2938 1716 3003 nihil
1771 2941 2027 3004 omnino
2087 2941 2153 3003 in
2207 2962 2279 3003 re
2332 2941 2599 3005 militari
2696 2974 2698 3011 ÷

465 3047 654 3089 ausus
703 3036 816 3091 est.
903 3025 1091 3093 Vnde
1135 3028 1306 3093 inter
1349 3028 1477 3093 alia
1523 3027 1796 3092 Romani
1840 3031 2028 3113 regni
2074 3028 2459 3095 detrimenta
2505 3032 2599 3093 in·
2696 3072 2698 3095 ÷

464 3136 732 3181 numera
777 3114 1168 3181 Brittaniam
1227 3138 1393 3203 pene
1448 3118 1695 3201 amisit3
1762 3140 1911 3182 nam
1959 3117 2083 3182 duo
2132 3120 2249 3182 sub
2298 3141 2373 3183 eo
2420 3119 2598 3183 nobi·
2696 3130 2698 3185 ξ

463 3205 710 3270 lissima
756 3204 997 3291 oppida
1040 3206 1170 3269 illic
1217 3216 1409 3292 capta
1454 3215 1647 3291 atque
1696 3207 2009 3271 subuersa
2055 3216 2218 3271 sunt.

1502 3420 1562 3483 4.

513 3556 592 3612 vt
629 3558 854 3614 Lucius
892 3559 1328 3616 Brittanorum
1365 3574 1481 3615 rex
1515 3560 1724 3616 missis
1763 3561 1839 3614 ad
1876 3559 2279 3615 Eleutherum
2315 3575 2534 3630 papam

866 3629 1110 3685 litteris
1148 3630 1570 3687 Christianum
1609 3645 1673 3686 se
1711 3631 1853 3687 fleri
1891 3631 2181 3700 petierit.

642 3755 830 3819 Anno
877 3756 960 3821 ab
1006 3759 1444 3822 incarnatione
1491 3755 1731 3821 domini
1778 3755 2057 3821 C⁰L⁰V1⁰
2103 3756 2361 3823 Marcus
2392 3756 2593 3822 Anto·

461 3846 605 3907 nius
659 3843 869 3909 Verus
933 3844 1216 3911 decimus
1279 3857 1543 3932 quartus
1608 3847 1690 3910 ab
1751 3847 2050 3931 Augusto
2110 3867 2388 3930 regnum
2448 3867 2593 3910 cum
2696 3880 2698 3889 ·
