2723 4326
161 203 228 258 V.
269 205 318 256 2.
2168 203 2297 266 229

162 379 558 464 archangeli,
606 381 674 444 in
721 402 850 466 qua
892 380 992 444 uir
1038 378 1141 444 dei
1187 380 1468 465 saepius,
1531 379 1640 442 ubi
1688 372 2087 466 oportunitas
2134 377 2299 444 adri-

162 469 360 535 debat
389 470 719 556 temporis,
769 479 836 534 et
867 471 1148 533 maxime
1176 469 1243 533 in
1276 467 1791 554 quadragesima,
1838 490 2101 533 manere
2150 491 2296 532 cum

161 560 406 645 paucis,
455 567 648 644 atque
697 556 1090 622 orationibus
1136 580 1212 621 ac
1257 557 1518 622 lectioni
1561 559 1810 642 quietus
1844 580 2109 644 operam
2142 556 2296 622 dare

161 658 602 712 consueuerat.
698 645 988 734 Cumque
1034 657 1329 734 tempore
1377 646 1689 732 quodam,
1746 648 2093 730 incipiente
2141 670 2293 733 qua-

159 735 551 820 dragesima,
598 736 836 800 ibidem
883 756 1221 800 mansurus
1267 736 1623 820 adueniret,
1682 737 1867 799 iussit
1914 736 2045 800 suis
2101 757 2293 822 quae-

157 847 306 890 rere
353 847 706 911 pauperem
751 825 1028 910 aliquem
1076 826 1319 889 maiore
1351 823 1722 890 infirmitate
1753 825 1857 889 uel
1887 827 2106 911 inopia
2148 846 2293 907 gra-

161 923 420 997 uatum,
478 935 670 1000 quem
725 937 941 979 secum
996 914 1235 979 habere
1291 915 1419 978 illis
1485 913 1709 980 diebus
1781 913 1863 978 ad
1929 912 2294 979 faciendam

160 1004 592 1090 elimosynam
635 1014 922 1089 possent:
972 1004 1063 1067 sic
1111 1006 1282 1068 enim
1328 1025 1585 1090 semper
1630 1002 1841 1068 facere
1890 1002 2154 1068 solebat.

341 1092 502 1156 Erat
559 1101 776 1157 autem
836 1095 904 1156 in
945 1092 1100 1156 uilla
1156 1114 1286 1156 non
1344 1092 1539 1177 longe
1581 1094 1791 1179 posita
1836 1092 2095 1179 quidam
2142 1091 2294 1158 adu-

158 1181 408 1246 lescens
463 1189 709 1264 mutus,
771 1183 1069 1267 episcopo
1115 1190 1341 1265 notus,
1399 1202 1548 1245 nam
1609 1183 1863 1268 saepius
1919 1192 2067 1245 ante
2113 1181 2294 1246 illum

158 1268 616 1356 percipiendae
665 1270 1058 1357 elimosynas
1119 1272 1334 1355 gratia
1393 1273 1613 1335 uenire
1673 1279 2126 1353 consueuerat,
2185 1271 2294 1356 qui

155 1381 239 1423 ne
286 1381 487 1423 unum
534 1351 791 1444 quidem
841 1381 1200 1424 sermonem
1244 1382 1528 1445 unquam
1573 1361 1817 1445 profari
1847 1368 2128 1447 poterat3
2180 1359 2293 1424 sed

158 1457 224 1511 et
272 1447 562 1512 scabiem
607 1456 855 1512 tantam
905 1471 981 1513 ac
1027 1447 1304 1513 furfures
1352 1448 1635 1512 habebat
1682 1451 1748 1512 in
1796 1451 2037 1534 capite,
2086 1457 2157 1513 ut
2201 1449 2294 1512 nil

155 1558 446 1623 unquam
516 1536 895 1623 capillorum
963 1539 1022 1601 ei
1082 1538 1149 1600 in
1211 1539 1539 1622 superiore
1592 1548 1781 1623 parte
1838 1539 2067 1625 capitis
2116 1536 2335 1602 nasci'

156 1626 429 1708 ualeret,
477 1629 727 1690 tantum
760 1627 826 1690 in
858 1626 1129 1690 circuitu
1161 1623 1402 1688 horridi
1436 1628 1643 1689 crines
1674 1637 1845 1690 stare
1884 1625 2289 1690 uidebantur.

154 1713 356 1778 Hunc
405 1735 562 1799 ergo
608 1713 839 1778 adduci
884 1715 1201 1800 praecipit
1249 1715 1588 1800 episcopus
1636 1725 1703 1778 et
1748 1716 1807 1778 ei
1852 1716 1921 1777 in
1966 1716 2289 1801 conseptis

156 1803 452 1868 eiusdem
497 1805 846 1867 mansionis
888 1825 1161 1890 paruum
1194 1805 1525 1886 tugurium
1556 1802 1715 1887 fieri,
1764 1805 1832 1867 in
1863 1825 1989 1888 quo
2022 1825 2291 1867 manens

157 1890 553 1957 cotidianam
608 1893 694 1957 ab
741 1894 836 1956 eis
883 1893 1118 1978 stipem
1163 1893 1506 1978 acciperet.
1603 1889 1894 1977 Cumque
1952 1913 2082 1956 una
2136 1915 2287 1978 qua·

153 1980 568 2066 dragesimae
611 1990 784 2045 esset
829 1981 1100 2066 impleta
1144 1983 1538 2066 septimana,
1603 1989 1913 2068 sequente
1972 1981 2294 2046 dominica

150 2072 340 2135 iussit
387 2070 470 2135 ad
517 2091 584 2134 se
628 2072 872 2134 intrare
916 2091 1290 2157 pauperem,
1338 2072 1632 2154 ingresso
1688 2091 1765 2134 eo
1808 2070 2099 2155 linguam
2144 2093 2288 2156 pro-

152 2160 332 2225 ferre
394 2181 477 2225 ex
542 2180 652 2225 ore
699 2183 776 2225 ac
822 2159 945 2225 sibi
992 2158 1330 2225 ostendere
1397 2161 1621 2243 iussit3
1681 2168 1745 2223 et
1802 2158 2290 2245 adprehendens

153 2272 306 2314 eum
353 2247 434 2313 de
480 2258 733 2331 mento,
791 2250 1045 2333 signum
1105 2259 1365 2313 sanctae
1432 2250 1639 2313 crucis
1686 2249 1947 2334 linguae
1993 2250 2127 2312 eius
2173 2249 2289 2311 im-

151 2338 414 2423 pressit,
465 2360 658 2424 quam
706 2339 1030 2421 signatam
1090 2360 1399 2403 reuocare
1465 2340 1533 2401 in
1602 2360 1673 2402 os
1742 2347 1809 2403 et
1872 2338 2049 2424 loqui
2109 2337 2289 2401 illum

151 2428 526 2513 praecepit:
577 2426 838 2492 ‘Dicito'
885 2428 1182 2512 inquiens
1229 2425 1509 2513 ‘aliquod
1551 2426 1824 2492 uerbum
1841 2478 1860 2511 ,
1906 2426 2096 2491 dicito
2122 2425 2290 2510 gae',

156 2515 335 2601 quod
384 2524 481 2581 est
524 2515 748 2601 lingua
771 2515 1132 2601 Anglorum
1178 2516 1452 2583 uerbum
1497 2513 1876 2581 adfirmandi
1922 2527 1987 2581 et
2033 2536 2293 2580 consen-

150 2604 391 2688 tiendi,
446 2605 513 2670 id
572 2614 670 2669 est
727 2607 939 2670 etiam.
1033 2604 1221 2669 Dixit
1273 2603 1381 2670 ille
1441 2606 1691 2689 statim,
1767 2604 1973 2669 soluto
2032 2603 2287 2668 uinculo

153 2692 442 2779 linguae,
490 2693 660 2779 quod
706 2694 914 2757 iussus
959 2703 1117 2759 erat.
1209 2692 1483 2759 Addidit
1528 2695 1867 2781 episcopus
1895 2694 2157 2757 nomina
2184 2692 2283 2756 lit-

151 2792 481 2847 terarum:
532 2782 771 2847 ‘Dicito
816 2782 922 2865 A'3
969 2782 1133 2847 dixit
1177 2783 1286 2848 ille
1331 2783 1414 2848 A.
1510 2782 1750 2847 ‘Dicito
1796 2780 1908 2865 13³3
1958 2780 2121 2847 dixit
2182 2782 2293 2847 ille

152 2881 222 2935 et
268 2869 411 2935 hoc.
505 2870 800 2957 Cumque
845 2872 1102 2956 singula
1142 2872 1507 2937 litterarum
1550 2873 1813 2937 nomina
1856 2870 2111 2937 dicente
2158 2873 2289 2958 epi-

153 2982 354 3046 scopo
401 2960 818 3047 responderet
837 3010 854 3041 ,
917 2958 1166 3025 addidit
1211 2970 1276 3025 et
1322 2960 1603 3045 syllabas
1648 2982 1725 3025 ac
1771 2961 1971 3026 uerba
2017 2958 2291 3025 dicenda

153 3049 252 3114 illi
297 3070 678 3135 proponere.
777 3049 862 3113 Et
907 3071 1054 3115 cum
1099 3049 1166 3113 in
1213 3050 1509 3114 omnibus
1535 3061 1999 3135 consequenter
2027 3071 2289 3137 respon-

153 3136 363 3221 deret,
412 3139 743 3225 praecepit
790 3160 937 3203 eum
983 3139 1334 3204 sententias
1380 3139 1705 3223 longiores
1736 3138 1967 3223 dicere,
2004 3148 2067 3203 et
2098 3138 2287 3220 fecit3

151 3248 370 3312 neque
413 3226 584 3291 ultra
629 3228 906 3291 cessauit
949 3236 1084 3292 tota
1128 3224 1233 3292 die
1271 3228 1384 3292 illa
1414 3237 1479 3292 et
1507 3236 1696 3294 nocte
1726 3237 2055 3313 sequente,
2088 3248 2285 3313 quan-

153 3324 296 3379 tum
343 3314 618 3401 uigilare
663 3317 891 3402 potuit,
940 3325 1011 3380 ut
1057 3315 1292 3398 ferunt,
1325 3318 1437 3403 qui
1466 3326 1837 3402 praesentes
1868 3317 2070 3400 fuere,
2104 3317 2284 3401 loqui

154 3404 430 3490 aliquid,
491 3414 558 3469 et
616 3426 854 3469 arcana
911 3426 1064 3469 suae
1125 3408 1534 3490 cogitationis
1580 3427 1656 3470 ac
1700 3405 2064 3489 uoluntatis,
2116 3403 2287 3490 quod

153 3514 486 3578 nunquam
531 3502 726 3557 antea
767 3496 1000 3580 potuit,
1046 3493 1188 3558 aliis
1243 3492 1617 3579 ostendere3
1680 3496 1749 3558 in
1806 3491 2289 3559 similitudinem

153 3581 324 3646 illius
358 3581 468 3646 diu
499 3581 730 3664 claudi,
765 3584 875 3667 qui
907 3592 1166 3648 curatus
1195 3584 1280 3649 ab
1311 3584 1615 3670 apostolis
1642 3582 1839 3647 Petro
1882 3593 1945 3647 et
1976 3580 2285 3665 Iohanne,

156 3672 462 3735 exsiliens
509 3671 690 3735 stetit
735 3682 800 3735 et
845 3670 1252 3755 ambulabat3
1297 3682 1361 3736 et
1392 3674 1657 3737 intrauit
1690 3694 1835 3736 cum
1866 3672 1993 3737 illis
2025 3674 2091 3736 in
2122 3681 2283 3737 tem-

156 3760 335 3843 plum
381 3759 722 3824 ambulans
755 3768 822 3824 et
852 3761 1154 3826 exsiliens
1184 3772 1251 3826 et
1281 3759 1548 3826 laudans
1580 3760 1945 3845 dominum3
1993 3760 2286 3847 gaudens

155 3848 464 3911 nimirum
509 3849 605 3911 uti
653 3845 866 3913 officio
910 3848 1148 3937 pedum
1162 3900 1181 3935 ‚
1242 3871 1367 3936 quo
1428 3859 1609 3916 tanto
1658 3860 1796 3917 erat
1841 3860 2133 3939 tempore
2179 3849 2285 3915 de·
