2723 4326
892 1319 1166 1388 LIBER
1213 1319 1628 1406 QVINTVS.

1229 1521 1283 1582 1.

188 1677 272 1733 Vt
312 1676 633 1733 Oidiluald
673 1691 996 1734 successor
1037 1677 1371 1734 cudbercti
1410 1677 1477 1731 in
1514 1677 1914 1733 anchoretiea
1950 1677 2117 1746 uita,
2158 1678 2327 1734 labo-

189 1766 483 1822 rantibus
524 1767 591 1821 111
629 1766 789 1821 mari
829 1767 1174 1834 fratribus,
1230 1766 1661 1836 tempestatem
1700 1767 1933 1822 orando
1982 1767 2325 1824 sedauerit.

369 1907 696 1976 Successit
741 1919 958 1975 autem
1005 1913 1146 1975 uiro
1193 1910 1437 1975 domini
1467 1908 1833 1975 Cudbercto
1865 1912 1932 1974 in
1964 1911 2327 1976 exercenda

189 2001 330 2064 uita
373 1999 677 2077 solitaria,
727 2021 918 2084 quam
965 2001 1031 2063 in
1075 2001 1283 2065 insula
1314 2000 1530 2064 Farne
1574 2008 1726 2063 ante
1773 2001 2181 2085 episcopatus
2227 2003 2326 2066 sui

190 2100 488 2175 tempora
555 2088 843 2174 gerebat,
914 2091 1015 2153 uir
1081 2088 1467 2155 uenerabilis
1530 2086 1883 2173 oidiluald,
1951 2090 2061 2174 qui
2107 2090 2325 2154 multis

192 2180 375 2243 annis
421 2180 490 2243 in
533 2180 956 2258 monasterie,
1022 2177 1193 2266 quod
1252 2178 1489 2244 dicitur
1534 2177 1923 2265 Inhrypum,
1984 2187 2324 2265 acceptum

191 2269 680 2354 presbyteratus
741 2267 1026 2333 officium
1080 2268 1418 2354 condignis
1466 2267 1675 2354 gradu
1720 2270 1859 2353 ipse
1908 2268 2327 2333 consecrabat

193 2358 464 2422 actibus,
558 2354 756 2422 Cuius
800 2368 872 2422 ut
917 2360 1220 2423 meritum
1267 2360 1374 2423 1161
1418 2360 1555 2423 uita
1586 2358 1789 2441 qualis
1822 2357 2036 2439 fuerit,
2086 2358 2325 2421 certius

194 2446 527 2531 clarescat,
576 2468 772 2511 unum
822 2448 955 2512 eius
1001 2469 1191 2513 narro
1237 2447 1638 2532 miraculum,
1688 2444 1856 2533 quod
1888 2446 2047 2511 mihi
2078 2468 2241 2510 unus
2290 2469 2325 2510 e

194 2535 534 2619 fratribus,
602 2545 868 2621 propter
915 2558 1074 2621 quos
1123 2546 1186 2601 et
1231 2538 1298 2601 in
1345 2538 1578 2623 quibus
1624 2545 1953 2623 patratum
2000 2544 2130 2618 est,
2188 2537 2327 2621 ipse

195 2625 509 2688 narrauit:
586 2624 888 2689 uidelicet
948 2624 1228 2690 Gudfrid
1301 2626 1689 2691 uenerabilis
1751 2624 1990 2691 Christi
2054 2625 2329 2689 famulus

197 2723 262 2777 et
305 2713 667 2800 presbyter,
717 2717 827 2799 qui
875 2716 1070 2779 etiam
1103 2724 1327 2801 postea
1356 2716 1665 2781 fratribus
1701 2714 1985 2779 eiusdem
2017 2715 2327 2779 ecclesiae

195 2800 756 2887 Lindisfarnensis,
806 2806 872 2867 in
919 2825 1046 2888 qua
1079 2803 1385 2870 educatus
1419 2813 1534 2889 est,
1569 2805 1871 2869 abbatis
1854 2825 1992 2867 lure
2024 2803 2326 2889 praefuit.

377 2890 586 2956 ‘Veni’
620 2893 828 2977 inquit
876 2892 1044 2956 ‘cum
1091 2892 1338 2958 duobus
1387 2856 1693 2958 frati-ibus
1740 2892 1882 2957 aliis
1929 2892 2011 2957 ad
2057 2892 2330 2957 insulam

195 2980 442 3062 Fame,
506 2981 681 3066 loqui
725 2980 1094 3047 desiderans
1133 3004 1277 3047 cum
1324 2983 1845 3048 reuerentissimo
1891 2990 2076 3067 patre
2126 2980 2327 3046 Oidil·

195 3068 414 3133 uald0.
465 3092 738 3156 cumque
790 3070 1169 3136 allocutione
1217 3074 1352 3135 eius
1384 3072 1609 3138 refecti
1640 3080 1704 3135 et
1743 3070 2188 3135 benedictione
2218 3092 2327 3155 pe-

197 3160 318 3222 tita
366 3155 627 3222 domum
674 3160 1048 3242 rediremus,
1099 3183 1248 3225 ecce
1281 3161 1513 3243 subit0,
1549 3162 1773 3246 positis
1804 3159 2038 3224 nobis
2022 3182 2085 3222 111
2118 3157 2330 3223 medio

195 3247 387 3328 mari,
437 3248 798 3334 interrupta
843 3258 940 3313 est
989 3250 1332 3331 serenitas,
1383 3272 1512 3336 qua
1556 3247 1981 3331 uehebamur,
2040 3256 2105 3312 et
2149 3254 2330 3311 tanta

195 3338 440 3421 ingruit
485 3344 748 3422 tamque
814 3337 954 3403 fera
1013 3340 1417 3425 tempestatis
1477 3339 1716 3423 hiems,
1782 3348 1854 3402 ut
1917 3359 2127 3422 neque
2185 3336 2329 3400 uelo

195 3447 404 3512 neque
449 3428 725 3509 remigio
772 3429 1116 3513 quicquam
1145 3425 1456 3515 proficere
1487 3450 1696 3514 neque
1727 3426 1899 3492 aliud
1932 3448 2124 3512 quam
2164 3447 2329 3489 mor-

194 3524 329 3578 tem
377 3535 638 3599 sperare
684 3516 1061 3581 ualeremus.
1158 3514 1453 3603 Cumque
1501 3516 1610 3581 diu
1655 3517 1928 3581 multum
1960 3537 2104 3579 cum
2136 3522 2330 3578 uento

196 3603 557 3707 pelagoque
603 3605 844 3669 frustra
890 3616 1208 3670 certantes
1253 3605 1515 3671 tandem
1563 3616 1707 3692 post
1751 3615 1939 3690 terga
1984 3605 2333 3690 respicere-

195 3714 358 3775 mus,
409 3696 464 3757 si
510 3692 673 3757 forte
719 3696 823 3759 uel
866 3696 1092 3781 ipsam,
1141 3696 1222 3760 de
1272 3719 1399 3782 qua
1445 3697 1691 3780 egressi
1738 3717 2011 3776 eramus,
2056 3693 2332 3757 insulam

191 3783 411 3868 aliquo
459 3786 796 3849 conamine
842 3793 1138 3870 repetere
1183 3807 1537 3872 possemuS,
1584 3786 1946 3851 inuenimus
1992 3805 2107 3847 nos
2152 3780 2334 3847 undi-

195 3892 582 3958 queuersum
636 3876 777 3958 pari
843 3882 1228 3986 tempestate
1287 3875 1655 3961 praeclusos
1719 3875 2087 3959 nullamque
2154 3895 2332 3958 spem
