<?xml version="1.0" encoding="UTF-8"?>
<!DOCTYPE html PUBLIC "-//W3C//DTD XHTML 1.0 Transitional//EN"
    "http://www.w3.org/TR/xhtml1/DTD/xhtml1-transitional.dtd">
<html xmlns="http://www.w3.org/1999/xhtml" xml:lang="en" lang="en">
 <head>
  <title>
</title>
<meta http-equiv="Content-Type" content="text/html;charset=utf-8" />
  <meta name='ocr-system' content='tesseract 3.04.00' />
  <meta name='ocr-capabilities' content='ocr_page ocr_carea ocr_par ocr_line ocrx_word'/>
</head>
<body>
  <div class='ocr_page' id='page_1' title='image "./historiaecclesi00venegoog_0133.png"; bbox 0 0 2723 4326; ppageno 0'>
   <div class='ocr_carea' id='block_1_1' title="bbox 161 202 2288 267">
    <p class='ocr_par' dir='ltr' id='par_1_1' title="bbox 161 202 2288 267">
     <span class='ocr_line' id='line_1_1' title="bbox 161 202 2288 267; baseline 0.005 -11"><span class='ocrx_word' id='word_1_1' title='bbox 161 202 247 256; x_wconf 85' lang='grc' dir='ltr'><strong>ΙΙΙ.</strong></span> <span class='ocrx_word' id='word_1_2' title='bbox 291 203 372 259; x_wconf 82' lang='grc'><strong>11’.</strong></span> <span class='ocrx_word' id='word_1_3' title='bbox 2166 203 2288 267; x_wconf 81' lang='grc'><strong>121</strong></span> 
     </span>
    </p>
   </div>
   <div class='ocr_carea' id='block_1_2' title="bbox 157 375 2297 3934">
    <p class='ocr_par' dir='ltr' id='par_1_2' title="bbox 163 375 2292 553">
     <span class='ocr_line' id='line_1_2' title="bbox 163 375 2292 467; baseline -0 -22"><span class='ocrx_word' id='word_1_4' title='bbox 163 379 522 446; x_wconf 88' lang='lat' dir='ltr'><strong>uenerabile</strong></span> <span class='ocrx_word' id='word_1_5' title='bbox 571 380 878 465; x_wconf 81' lang='lat' dir='ltr'><strong>suscepit,</strong></span> <span class='ocrx_word' id='word_1_6' title='bbox 937 375 1018 443; x_wconf 88' lang='lat' dir='ltr'><strong>ad</strong></span> <span class='ocrx_word' id='word_1_7' title='bbox 1063 377 1417 464; x_wconf 85' lang='lat' dir='ltr'><strong>abigendos</strong></span> <span class='ocrx_word' id='word_1_8' title='bbox 1464 400 1546 444; x_wconf 82' lang='lat' dir='ltr'><strong>ex</strong></span> <span class='ocrx_word' id='word_1_9' title='bbox 1593 378 1869 443; x_wconf 77' lang='lat' dir='ltr'>obsessis</span> <span class='ocrx_word' id='word_1_10' title='bbox 1918 380 2292 467; x_wconf 79' lang='lat' dir='ltr'>corporibus</span> 
     </span>
     <span class='ocr_line' id='line_1_3' title="bbox 164 466 1891 553; baseline 0 -20"><span class='ocrx_word' id='word_1_11' title='bbox 164 468 503 535; x_wconf 89' lang='lat' dir='ltr'><strong>daemones</strong></span> <span class='ocrx_word' id='word_1_12' title='bbox 549 469 802 553; x_wconf 87' lang='lat' dir='ltr'><strong>gratiae</strong></span> <span class='ocrx_word' id='word_1_13' title='bbox 850 468 1148 533; x_wconf 85' lang='lat' dir='ltr'><strong>salutaris</strong></span> <span class='ocrx_word' id='word_1_14' title='bbox 1193 466 1464 534; x_wconf 87' lang='lat' dir='ltr'><strong>haberet</strong></span> <span class='ocrx_word' id='word_1_15' title='bbox 1506 467 1822 535; x_wconf 85' lang='lat' dir='ltr'><strong>effectum.</strong></span> <span class='ocrx_word' id='word_1_16' title='bbox 1888 528 1891 533; x_wconf 91' lang='lat'><strong>.</strong></span> 
     </span>
    </p>

    <p class='ocr_par' dir='ltr' id='par_1_3' title="bbox 157 557 2297 3934">
     <span class='ocr_line' id='line_1_4' title="bbox 335 557 2293 645; baseline -0.001 -22"><span class='ocrx_word' id='word_1_17' title='bbox 335 559 637 645; x_wconf 88' lang='lat' dir='ltr'><strong>Denique</strong></span> <span class='ocrx_word' id='word_1_18' title='bbox 683 567 977 644; x_wconf 89' lang='lat' dir='ltr'><strong>tempore</strong></span> <span class='ocrx_word' id='word_1_19' title='bbox 1024 566 1358 643; x_wconf 86' lang='lat' dir='ltr'><strong>sequente,</strong></span> <span class='ocrx_word' id='word_1_20' title='bbox 1421 580 1569 621; x_wconf 90' lang='lat' dir='ltr'><strong>cum</strong></span> <span class='ocrx_word' id='word_1_21' title='bbox 1662 557 1911 622; x_wconf 84' lang='lat' dir='ltr'><strong>raefata</strong></span> <span class='ocrx_word' id='word_1_22' title='bbox 1954 559 2187 643; x_wconf 84' lang='lat' dir='ltr'><strong>regina</strong></span> <span class='ocrx_word' id='word_1_23' title='bbox 2227 559 2293 638; x_wconf 88' lang='lat' dir='ltr'><strong>in</strong></span> 
     </span>
     <span class='ocr_line' id='line_1_5' title="bbox 165 644 2292 728; baseline -0.001 -15"><span class='ocrx_word' id='word_1_24' title='bbox 165 648 384 713; x_wconf 83' lang='lat' dir='ltr'><strong>eodem</strong></span> <span class='ocrx_word' id='word_1_25' title='bbox 445 648 836 711; x_wconf 89' lang='lat' dir='ltr'><strong>monasterio</strong></span> <span class='ocrx_word' id='word_1_26' title='bbox 893 655 1284 728; x_wconf 88' lang='lat' dir='ltr'><strong>moraretur,</strong></span> <span class='ocrx_word' id='word_1_27' title='bbox 1343 646 1526 711; x_wconf 90' lang='lat' dir='ltr'><strong>uenit</strong></span> <span class='ocrx_word' id='word_1_28' title='bbox 1569 668 1610 711; x_wconf 89' lang='lat' dir='ltr'><strong>a</strong></span> <span class='ocrx_word' id='word_1_29' title='bbox 1697 644 2102 712; x_wconf 84' lang='lat' dir='ltr'><strong>salutandam</strong></span> <span class='ocrx_word' id='word_1_30' title='bbox 2149 668 2292 711; x_wconf 87' lang='lat' dir='ltr'><strong>eam</strong></span> 
     </span>
     <span class='ocr_line' id='line_1_6' title="bbox 162 733 2289 825; baseline -0.001 -24"><span class='ocrx_word' id='word_1_31' title='bbox 162 737 488 803; x_wconf 80' lang='lat' dir='ltr'><strong>abbatissa</strong></span> <span class='ocrx_word' id='word_1_32' title='bbox 534 733 852 822; x_wconf 81' lang='lat' dir='ltr'><strong>quaedam</strong></span> <span class='ocrx_word' id='word_1_33' title='bbox 897 735 1314 825; x_wconf 78' lang='lat' dir='ltr'><strong>uenerabilis,</strong></span> <span class='ocrx_word' id='word_1_34' title='bbox 1377 756 1544 821; x_wconf 87' lang='lat' dir='ltr'><strong>quae</strong></span> <span class='ocrx_word' id='word_1_35' title='bbox 1589 757 1791 821; x_wconf 86' lang='lat' dir='ltr'><strong>usque</strong></span> <span class='ocrx_word' id='word_1_36' title='bbox 1836 734 2023 801; x_wconf 90' lang='lat' dir='ltr'><strong>hodie</strong></span> <span class='ocrx_word' id='word_1_37' title='bbox 2069 758 2289 822; x_wconf 88' lang='lat' dir='ltr'><strong>super-</strong></span> 
     </span>
     <span class='ocr_line' id='line_1_7' title="bbox 163 823 2292 910; baseline -0.001 -19"><span class='ocrx_word' id='word_1_38' title='bbox 163 835 276 910; x_wconf 87' lang='lat' dir='ltr'><strong>est,</strong></span> <span class='ocrx_word' id='word_1_39' title='bbox 323 825 642 890; x_wconf 85' lang='lat' dir='ltr'><strong>uocabulo</strong></span> <span class='ocrx_word' id='word_1_40' title='bbox 686 823 1042 909; x_wconf 91' lang='lat' dir='ltr'><strong>Aedilhild,</strong></span> <span class='ocrx_word' id='word_1_41' title='bbox 1105 846 1286 889; x_wconf 88' lang='lat' dir='ltr'><strong>soror</strong></span> <span class='ocrx_word' id='word_1_42' title='bbox 1306 873 1311 879; x_wconf 89' lang='lat'><strong>.</strong></span> <span class='ocrx_word' id='word_1_43' title='bbox 1329 826 1615 889; x_wconf 87' lang='lat' dir='ltr'><strong>uirorum</strong></span> <span class='ocrx_word' id='word_1_44' title='bbox 1662 833 2031 889; x_wconf 90' lang='lat' dir='ltr'><strong>sanctorum</strong></span> <span class='ocrx_word' id='word_1_45' title='bbox 2076 823 2292 889; x_wconf 89' lang='lat' dir='ltr'><strong>Aedil—</strong></span> 
     </span>
     <span class='ocr_line' id='line_1_8' title="bbox 163 905 2292 1002; baseline -0 -24"><span class='ocrx_word' id='word_1_46' title='bbox 163 916 295 981; x_wconf 91' lang='lat' dir='ltr'><strong>uini</strong></span> <span class='ocrx_word' id='word_1_47' title='bbox 337 924 406 980; x_wconf 90' lang='lat' dir='ltr'><strong>et</strong></span> <span class='ocrx_word' id='word_1_48' title='bbox 437 912 734 995; x_wconf 85' lang='lat' dir='ltr'><strong>Alduini,</strong></span> <span class='ocrx_word' id='word_1_49' title='bbox 781 936 1056 1002; x_wconf 88' lang='lat' dir='ltr'><strong>quorum</strong></span> <span class='ocrx_word' id='word_1_50' title='bbox 1101 915 1277 1000; x_wconf 90' lang='lat' dir='ltr'><strong>prior</strong></span> <span class='ocrx_word' id='word_1_51' title='bbox 1325 905 1663 1001; x_wconf 79' lang='lat' dir='ltr'><strong>episcopiis</strong></span> <span class='ocrx_word' id='word_1_52' title='bbox 1708 915 1773 978; x_wconf 90' lang='lat' dir='ltr'><strong>in</strong></span> <span class='ocrx_word' id='word_1_53' title='bbox 1818 911 2103 978; x_wconf 89' lang='lat' dir='ltr'><strong>Lindissi</strong></span> <span class='ocrx_word' id='word_1_54' title='bbox 2148 935 2292 1000; x_wconf 89' lang='lat' dir='ltr'><strong>pro-</strong></span> 
     </span>
     <span class='ocr_line' id='line_1_9' title="bbox 161 1000 2295 1088; baseline -0.001 -19"><span class='ocrx_word' id='word_1_55' title='bbox 161 1006 394 1087; x_wconf 89' lang='lat' dir='ltr'><strong>uincia,</strong></span> <span class='ocrx_word' id='word_1_56' title='bbox 441 1001 757 1068; x_wconf 87' lang='lat' dir='ltr'><strong>secundus</strong></span> <span class='ocrx_word' id='word_1_57' title='bbox 805 1013 948 1069; x_wconf 89' lang='lat' dir='ltr'><strong>erat</strong></span> <span class='ocrx_word' id='word_1_58' title='bbox 992 1003 1195 1067; x_wconf 89' lang='lat' dir='ltr'><strong>abbas</strong></span> <span class='ocrx_word' id='word_1_59' title='bbox 1239 1004 1307 1067; x_wconf 89' lang='lat' dir='ltr'><strong>in</strong></span> <span class='ocrx_word' id='word_1_60' title='bbox 1351 1004 1763 1081; x_wconf 79' lang='lat' dir='ltr'><strong>monasteriO,</strong></span> <span class='ocrx_word' id='word_1_61' title='bbox 1810 1000 1979 1088; x_wconf 87' lang='lat' dir='ltr'><strong>quod</strong></span> <span class='ocrx_word' id='word_1_62' title='bbox 2026 1012 2295 1067; x_wconf 85' lang='lat' dir='ltr'><strong>uocatur</strong></span> 
     </span>
     <span class='ocr_line' id='line_1_10' title="bbox 161 1090 2289 1178; baseline -0 -20"><span class='ocrx_word' id='word_1_63' title='bbox 161 1094 546 1177; x_wconf 81' lang='lat' dir='ltr'><strong>Peartaneu,</strong></span> <span class='ocrx_word' id='word_1_64' title='bbox 593 1115 633 1156; x_wconf 86' lang='lat' dir='ltr'><strong>a</strong></span> <span class='ocrx_word' id='word_1_65' title='bbox 663 1114 788 1178; x_wconf 91' lang='lat' dir='ltr'><strong>quo</strong></span> <span class='ocrx_word' id='word_1_66' title='bbox 828 1114 958 1157; x_wconf 89' lang='lat' dir='ltr'><strong>non</strong></span> <span class='ocrx_word' id='word_1_67' title='bbox 1001 1092 1198 1178; x_wconf 86' lang='lat' dir='ltr'><strong>longe</strong></span> <span class='ocrx_word' id='word_1_68' title='bbox 1229 1100 1294 1157; x_wconf 89' lang='lat' dir='ltr'><strong>et</strong></span> <span class='ocrx_word' id='word_1_69' title='bbox 1324 1092 1439 1157; x_wconf 88' lang='lat' dir='ltr'><strong>illa</strong></span> <span class='ocrx_word' id='word_1_70' title='bbox 1484 1092 1941 1157; x_wconf 87' lang='lat' dir='ltr'><strong>monasterium</strong></span> <span class='ocrx_word' id='word_1_71' title='bbox 1985 1090 2289 1157; x_wconf 87' lang='lat' dir='ltr'><strong>habebat.</strong></span> 
     </span>
     <span class='ocr_line' id='line_1_11' title="bbox 163 1181 2291 1267; baseline -0.001 -19"><span class='ocrx_word' id='word_1_72' title='bbox 163 1181 324 1248; x_wconf 82' lang='lat' dir='ltr'><strong>Cum</strong></span> <span class='ocrx_word' id='word_1_73' title='bbox 389 1203 549 1267; x_wconf 87' lang='lat' dir='ltr'><strong>ergo</strong></span> <span class='ocrx_word' id='word_1_74' title='bbox 609 1183 876 1247; x_wconf 90' lang='lat' dir='ltr'><strong>ueniens</strong></span> <span class='ocrx_word' id='word_1_75' title='bbox 935 1181 1043 1245; x_wconf 94' lang='lat' dir='ltr'><strong>illo</strong></span> <span class='ocrx_word' id='word_1_76' title='bbox 1116 1181 1492 1267; x_wconf 85' lang='lat' dir='ltr'><strong>loqueretur</strong></span> <span class='ocrx_word' id='word_1_77' title='bbox 1570 1202 1717 1246; x_wconf 88' lang='lat' dir='ltr'><strong>cum</strong></span> <span class='ocrx_word' id='word_1_78' title='bbox 1775 1181 2003 1267; x_wconf 86' lang='lat' dir='ltr'><strong>regina</strong></span> <span class='ocrx_word' id='word_1_79' title='bbox 2092 1189 2291 1267; x_wconf 87' lang='lat' dir='ltr'><strong>atque</strong></span> 
     </span>
     <span class='ocr_line' id='line_1_12' title="bbox 161 1267 2293 1355; baseline -0.001 -18"><span class='ocrx_word' id='word_1_80' title='bbox 161 1272 329 1337; x_wconf 85' lang='lat' dir='ltr'><strong>inter</strong></span> <span class='ocrx_word' id='word_1_81' title='bbox 375 1272 530 1355; x_wconf 87' lang='lat' dir='ltr'><strong>alia,</strong></span> <span class='ocrx_word' id='word_1_82' title='bbox 579 1292 874 1335; x_wconf 88' lang='lat' dir='ltr'><strong>sermone</strong></span> <span class='ocrx_word' id='word_1_83' title='bbox 919 1270 998 1335; x_wconf 90' lang='lat' dir='ltr'><strong>de</strong></span> <span class='ocrx_word' id='word_1_84' title='bbox 1048 1267 1334 1335; x_wconf 89' lang='lat' dir='ltr'><strong>Osualdo</strong></span> <span class='ocrx_word' id='word_1_85' title='bbox 1382 1277 1607 1335; x_wconf 88' lang='lat' dir='ltr'><strong>exorto</strong></span> <span class='ocrx_word' id='word_1_86' title='bbox 1628 1320 1645 1349; x_wconf 91' lang='lat'>‚</span> <span class='ocrx_word' id='word_1_87' title='bbox 1692 1268 1963 1354; x_wconf 89' lang='lat' dir='ltr'><strong>diceret,</strong></span> <span class='ocrx_word' id='word_1_88' title='bbox 2013 1268 2184 1355; x_wconf 90' lang='lat' dir='ltr'><strong>quod</strong></span> <span class='ocrx_word' id='word_1_89' title='bbox 2229 1279 2293 1335; x_wconf 86' lang='lat' dir='ltr'><strong>et</strong></span> 
     </span>
     <span class='ocr_line' id='line_1_13' title="bbox 161 1356 2292 1447; baseline 0 -24"><span class='ocrx_word' id='word_1_90' title='bbox 161 1361 298 1447; x_wconf 88' lang='lat' dir='ltr'><strong>ipsa</strong></span> <span class='ocrx_word' id='word_1_91' title='bbox 343 1361 560 1425; x_wconf 89' lang='lat' dir='ltr'><strong>lucem</strong></span> <span class='ocrx_word' id='word_1_92' title='bbox 605 1369 796 1423; x_wconf 89' lang='lat' dir='ltr'><strong>nocte</strong></span> <span class='ocrx_word' id='word_1_93' title='bbox 844 1358 951 1424; x_wconf 89' lang='lat' dir='ltr'><strong>illa</strong></span> <span class='ocrx_word' id='word_1_94' title='bbox 997 1380 1192 1445; x_wconf 89' lang='lat' dir='ltr'><strong>supra</strong></span> <span class='ocrx_word' id='word_1_95' title='bbox 1235 1358 1537 1444; x_wconf 88' lang='lat' dir='ltr'><strong>reliquias</strong></span> <span class='ocrx_word' id='word_1_96' title='bbox 1586 1360 1724 1425; x_wconf 90' lang='lat' dir='ltr'><strong>eius</strong></span> <span class='ocrx_word' id='word_1_97' title='bbox 1768 1356 1852 1423; x_wconf 86' lang='lat' dir='ltr'><strong>ad</strong></span> <span class='ocrx_word' id='word_1_98' title='bbox 1898 1357 2144 1423; x_wconf 88' lang='lat' dir='ltr'><strong>caelum</strong></span> <span class='ocrx_word' id='word_1_99' title='bbox 2190 1380 2292 1423; x_wconf 93' lang='lat' dir='ltr'><strong>us-</strong></span> 
     </span>
     <span class='ocr_line' id='line_1_14' title="bbox 163 1445 2293 1536; baseline -0 -23"><span class='ocrx_word' id='word_1_100' title='bbox 163 1472 283 1536; x_wconf 88' lang='lat' dir='ltr'><strong>que</strong></span> <span class='ocrx_word' id='word_1_101' title='bbox 327 1449 535 1514; x_wconf 90' lang='lat' dir='ltr'><strong>altam</strong></span> <span class='ocrx_word' id='word_1_102' title='bbox 579 1446 864 1532; x_wconf 91' lang='lat' dir='ltr'><strong>uidisset,</strong></span> <span class='ocrx_word' id='word_1_103' title='bbox 912 1448 1146 1513; x_wconf 92' lang='lat' dir='ltr'><strong>adiecit</strong></span> <span class='ocrx_word' id='word_1_104' title='bbox 1190 1450 1436 1533; x_wconf 87' lang='lat' dir='ltr'><strong>regina,</strong></span> <span class='ocrx_word' id='word_1_105' title='bbox 1486 1449 1637 1533; x_wconf 89' lang='lat' dir='ltr'><strong>quia</strong></span> <span class='ocrx_word' id='word_1_106' title='bbox 1678 1445 1758 1512; x_wconf 92' lang='lat' dir='ltr'><strong>de</strong></span> <span class='ocrx_word' id='word_1_107' title='bbox 1803 1448 2070 1533; x_wconf 89' lang='lat' dir='ltr'><strong>puluere</strong></span> <span class='ocrx_word' id='word_1_108' title='bbox 2116 1450 2293 1535; x_wconf 86' lang='lat' dir='ltr'><strong>paui-</strong></span> 
     </span>
     <span class='ocr_line' id='line_1_15' title="bbox 161 1535 2295 1622; baseline -0 -20"><span class='ocrx_word' id='word_1_109' title='bbox 161 1540 380 1622; x_wconf 89' lang='lat' dir='ltr'><strong>menti,</strong></span> <span class='ocrx_word' id='word_1_110' title='bbox 430 1539 495 1602; x_wconf 90' lang='lat' dir='ltr'><strong>in</strong></span> <span class='ocrx_word' id='word_1_111' title='bbox 544 1558 671 1622; x_wconf 89' lang='lat' dir='ltr'><strong>quo</strong></span> <span class='ocrx_word' id='word_1_112' title='bbox 729 1557 900 1622; x_wconf 90' lang='lat' dir='ltr'><strong>aqua</strong></span> <span class='ocrx_word' id='word_1_113' title='bbox 956 1536 1201 1601; x_wconf 85' lang='lat' dir='ltr'><strong>lauacri</strong></span> <span class='ocrx_word' id='word_1_114' title='bbox 1259 1537 1427 1602; x_wconf 90' lang='lat' dir='ltr'><strong>illius</strong></span> <span class='ocrx_word' id='word_1_115' title='bbox 1489 1535 1694 1601; x_wconf 83' lang='lat' dir='ltr'><strong>effusa</strong></span> <span class='ocrx_word' id='word_1_116' title='bbox 1734 1548 1858 1619; x_wconf 91' lang='lat' dir='ltr'><strong>est,</strong></span> <span class='ocrx_word' id='word_1_117' title='bbox 1920 1537 2106 1602; x_wconf 89' lang='lat' dir='ltr'><strong>multi</strong></span> <span class='ocrx_word' id='word_1_118' title='bbox 2162 1538 2295 1601; x_wconf 87' lang='lat' dir='ltr'><strong>iam</strong></span> 
     </span>
     <span class='ocr_line' id='line_1_16' title="bbox 163 1623 2291 1713; baseline -0.001 -20"><span class='ocrx_word' id='word_1_119' title='bbox 163 1629 371 1693; x_wconf 86' lang='lat' dir='ltr'><strong>sanati</strong></span> <span class='ocrx_word' id='word_1_120' title='bbox 428 1634 642 1691; x_wconf 87' lang='lat' dir='ltr'><strong>essent</strong></span> <span class='ocrx_word' id='word_1_121' title='bbox 694 1624 950 1690; x_wconf 88' lang='lat' dir='ltr'><strong>infirmi.</strong></span> <span class='ocrx_word' id='word_1_122' title='bbox 1043 1623 1135 1690; x_wconf 89' lang='lat' dir='ltr'><strong>At</strong></span> <span class='ocrx_word' id='word_1_123' title='bbox 1179 1623 1289 1690; x_wconf 91' lang='lat' dir='ltr'><strong>illa</strong></span> <span class='ocrx_word' id='word_1_124' title='bbox 1332 1626 1521 1711; x_wconf 88' lang='lat' dir='ltr'><strong>petiit</strong></span> <span class='ocrx_word' id='word_1_125' title='bbox 1568 1625 1691 1690; x_wconf 90' lang='lat' dir='ltr'><strong>sibi</strong></span> <span class='ocrx_word' id='word_1_126' title='bbox 1744 1626 2107 1711; x_wconf 88' lang='lat' dir='ltr'><strong>portionem</strong></span> <span class='ocrx_word' id='word_1_127' title='bbox 2152 1627 2291 1713; x_wconf 91' lang='lat' dir='ltr'><strong>pul-</strong></span> 
     </span>
     <span class='ocr_line' id='line_1_17' title="bbox 162 1712 2295 1800; baseline -0 -20"><span class='ocrx_word' id='word_1_128' title='bbox 162 1718 328 1781; x_wconf 88' lang='lat' dir='ltr'><strong>ueris</strong></span> <span class='ocrx_word' id='word_1_129' title='bbox 377 1714 692 1779; x_wconf 80' lang='lat' dir='ltr'><strong>salutiferi</strong></span> <span class='ocrx_word' id='word_1_130' title='bbox 737 1712 904 1796; x_wconf 72' lang='lat' dir='ltr'><strong>dari,</strong></span> <span class='ocrx_word' id='word_1_131' title='bbox 967 1724 1032 1779; x_wconf 91' lang='lat' dir='ltr'><strong>et</strong></span> <span class='ocrx_word' id='word_1_132' title='bbox 1089 1714 1413 1800; x_wconf 87' lang='lat' dir='ltr'><strong>accipiens</strong></span> <span class='ocrx_word' id='word_1_133' title='bbox 1485 1714 1823 1799; x_wconf 86' lang='lat' dir='ltr'><strong>inligatam</strong></span> <span class='ocrx_word' id='word_1_134' title='bbox 1886 1736 2101 1800; x_wconf 89' lang='lat' dir='ltr'><strong>panno</strong></span> <span class='ocrx_word' id='word_1_135' title='bbox 2148 1737 2295 1779; x_wconf 91' lang='lat' dir='ltr'><strong>con-</strong></span> 
     </span>
     <span class='ocr_line' id='line_1_18' title="bbox 163 1801 2297 1890; baseline -0.001 -20"><span class='ocrx_word' id='word_1_136' title='bbox 163 1804 321 1870; x_wconf 85' lang='lat' dir='ltr'><strong>didit</strong></span> <span class='ocrx_word' id='word_1_137' title='bbox 381 1806 451 1868; x_wconf 93' lang='lat' dir='ltr'><strong>in</strong></span> <span class='ocrx_word' id='word_1_138' title='bbox 505 1802 787 1889; x_wconf 80' lang='lat' dir='ltr'><strong>capsella</strong></span> <span class='ocrx_word' id='word_1_139' title='bbox 864 1812 927 1868; x_wconf 92' lang='lat' dir='ltr'><strong>et</strong></span> <span class='ocrx_word' id='word_1_140' title='bbox 991 1801 1202 1867; x_wconf 88' lang='lat' dir='ltr'><strong>rediit.</strong></span> <span class='ocrx_word' id='word_1_141' title='bbox 1297 1802 1653 1867; x_wconf 86' lang='lat' dir='ltr'><strong>Transacto</strong></span> <span class='ocrx_word' id='word_1_142' title='bbox 1721 1811 1940 1867; x_wconf 90' lang='lat' dir='ltr'><strong>autem</strong></span> <span class='ocrx_word' id='word_1_143' title='bbox 2005 1813 2297 1890; x_wconf 88' lang='lat' dir='ltr'><strong>tempore</strong></span> 
     </span>
     <span class='ocr_line' id='line_1_19' title="bbox 163 1891 2290 1982; baseline -0.002 -23"><span class='ocrx_word' id='word_1_144' title='bbox 163 1896 517 1982; x_wconf 83' lang='lat' dir='ltr'><strong>aliquante,</strong></span> <span class='ocrx_word' id='word_1_145' title='bbox 583 1914 730 1957; x_wconf 88' lang='lat' dir='ltr'><strong>cum</strong></span> <span class='ocrx_word' id='word_1_146' title='bbox 791 1899 960 1957; x_wconf 85' lang='lat' dir='ltr'><strong>esset</strong></span> <span class='ocrx_word' id='word_1_147' title='bbox 1005 1891 1073 1955; x_wconf 91' lang='lat' dir='ltr'><strong>in</strong></span> <span class='ocrx_word' id='word_1_148' title='bbox 1117 1914 1232 1956; x_wconf 88' lang='lat' dir='ltr'><strong>suo</strong></span> <span class='ocrx_word' id='word_1_149' title='bbox 1278 1892 1695 1974; x_wconf 83' lang='lat' dir='ltr'><strong>monasterie,</strong></span> <span class='ocrx_word' id='word_1_150' title='bbox 1756 1892 1935 1956; x_wconf 89' lang='lat' dir='ltr'><strong>uenit</strong></span> <span class='ocrx_word' id='word_1_151' title='bbox 1979 1893 2107 1958; x_wconf 92' lang='lat' dir='ltr'><strong>illic</strong></span> <span class='ocrx_word' id='word_1_152' title='bbox 2155 1892 2290 1979; x_wconf 91' lang='lat' dir='ltr'><strong>qui—</strong></span> 
     </span>
     <span class='ocr_line' id='line_1_20' title="bbox 163 1980 2293 2067; baseline -0 -18"><span class='ocrx_word' id='word_1_153' title='bbox 163 1984 310 2049; x_wconf 89' lang='lat' dir='ltr'><strong>dam</strong></span> <span class='ocrx_word' id='word_1_154' title='bbox 361 1982 626 2067; x_wconf 89' lang='lat' dir='ltr'><strong>hospes,</strong></span> <span class='ocrx_word' id='word_1_155' title='bbox 687 1982 797 2066; x_wconf 91' lang='lat' dir='ltr'><strong>qui</strong></span> <span class='ocrx_word' id='word_1_156' title='bbox 843 1980 1087 2046; x_wconf 87' lang='lat' dir='ltr'><strong>solebat</strong></span> <span class='ocrx_word' id='word_1_157' title='bbox 1133 1981 1461 2045; x_wconf 84' lang='lat' dir='ltr'><strong>nocturnis</strong></span> <span class='ocrx_word' id='word_1_158' title='bbox 1507 1981 1759 2066; x_wconf 86' lang='lat' dir='ltr'><strong>saepius</strong></span> <span class='ocrx_word' id='word_1_159' title='bbox 1806 1980 1980 2045; x_wconf 88' lang='lat' dir='ltr'><strong>horis</strong></span> <span class='ocrx_word' id='word_1_160' title='bbox 2025 1992 2293 2067; x_wconf 87' lang='lat' dir='ltr'><strong>repente</strong></span> 
     </span>
     <span class='ocr_line' id='line_1_21' title="bbox 162 2069 2291 2157; baseline -0.001 -19"><span class='ocrx_word' id='word_1_161' title='bbox 162 2073 240 2137; x_wconf 85' lang='lat' dir='ltr'><strong>ab</strong></span> <span class='ocrx_word' id='word_1_162' title='bbox 285 2069 620 2137; x_wconf 90' lang='lat' dir='ltr'><strong>immundo</strong></span> <span class='ocrx_word' id='word_1_163' title='bbox 666 2070 898 2157; x_wconf 87' lang='lat' dir='ltr'><strong>spiritu</strong></span> <span class='ocrx_word' id='word_1_164' title='bbox 942 2072 1326 2153; x_wconf 88' lang='lat' dir='ltr'><strong>grauissime</strong></span> <span class='ocrx_word' id='word_1_165' title='bbox 1370 2071 1624 2152; x_wconf 85' lang='lat' dir='ltr'><strong>uexari3</strong></span> <span class='ocrx_word' id='word_1_166' title='bbox 1664 2070 1773 2155; x_wconf 92' lang='lat' dir='ltr'><strong>qui</strong></span> <span class='ocrx_word' id='word_1_167' title='bbox 1819 2090 1966 2135; x_wconf 89' lang='lat' dir='ltr'><strong>cum</strong></span> <span class='ocrx_word' id='word_1_168' title='bbox 2010 2069 2291 2156; x_wconf 85' lang='lat' dir='ltr'><strong>benigne</strong></span> 
     </span>
     <span class='ocr_line' id='line_1_22' title="bbox 163 2158 2288 2247; baseline -0 -22"><span class='ocrx_word' id='word_1_169' title='bbox 163 2170 494 2247; x_wconf 87' lang='lat' dir='ltr'><strong>susceptus</strong></span> <span class='ocrx_word' id='word_1_170' title='bbox 539 2170 686 2246; x_wconf 89' lang='lat' dir='ltr'><strong>post</strong></span> <span class='ocrx_word' id='word_1_171' title='bbox 733 2181 998 2224; x_wconf 88' lang='lat' dir='ltr'><strong>caenam</strong></span> <span class='ocrx_word' id='word_1_172' title='bbox 1043 2160 1111 2224; x_wconf 93' lang='lat' dir='ltr'><strong>in</strong></span> <span class='ocrx_word' id='word_1_173' title='bbox 1139 2158 1306 2225; x_wconf 90' lang='lat' dir='ltr'><strong>lecto</strong></span> <span class='ocrx_word' id='word_1_174' title='bbox 1353 2158 1645 2224; x_wconf 87' lang='lat' dir='ltr'><strong>membra</strong></span> <span class='ocrx_word' id='word_1_175' title='bbox 1689 2159 2031 2246; x_wconf 86' lang='lat' dir='ltr'><strong>posuisset,</strong></span> <span class='ocrx_word' id='word_1_176' title='bbox 2079 2159 2288 2226; x_wconf 84' lang='lat' dir='ltr'><strong>subito</strong></span> 
     </span>
     <span class='ocr_line' id='line_1_23' title="bbox 161 2246 2289 2335; baseline -0.001 -20"><span class='ocrx_word' id='word_1_177' title='bbox 161 2273 198 2314; x_wconf 88' lang='lat' dir='ltr'><strong>a</strong></span> <span class='ocrx_word' id='word_1_178' title='bbox 241 2249 500 2315; x_wconf 91' lang='lat' dir='ltr'><strong>diabolo</strong></span> <span class='ocrx_word' id='word_1_179' title='bbox 547 2257 842 2335; x_wconf 89' lang='lat' dir='ltr'><strong>arreptus</strong></span> <span class='ocrx_word' id='word_1_180' title='bbox 902 2247 1209 2332; x_wconf 89' lang='lat' dir='ltr'><strong>clamare,</strong></span> <span class='ocrx_word' id='word_1_181' title='bbox 1260 2246 1560 2314; x_wconf 87' lang='lat' dir='ltr'><strong>dentibus</strong></span> <span class='ocrx_word' id='word_1_182' title='bbox 1606 2246 1923 2332; x_wconf 76' lang='lat' dir='ltr'><strong>frendere,</strong></span> <span class='ocrx_word' id='word_1_183' title='bbox 1988 2269 2289 2334; x_wconf 87' lang='lat' dir='ltr'><strong>spumare</strong></span> 
     </span>
     <span class='ocr_line' id='line_1_24' title="bbox 162 2335 2291 2424; baseline -0.001 -20"><span class='ocrx_word' id='word_1_184' title='bbox 162 2350 224 2404; x_wconf 89' lang='lat' dir='ltr'><strong>et</strong></span> <span class='ocrx_word' id='word_1_185' title='bbox 267 2338 542 2404; x_wconf 87' lang='lat' dir='ltr'><strong>diuersis</strong></span> <span class='ocrx_word' id='word_1_186' title='bbox 590 2336 870 2402; x_wconf 89' lang='lat' dir='ltr'><strong>motibus</strong></span> <span class='ocrx_word' id='word_1_187' title='bbox 916 2339 1127 2423; x_wconf 88' lang='lat' dir='ltr'><strong>coepit</strong></span> <span class='ocrx_word' id='word_1_188' title='bbox 1174 2336 1468 2402; x_wconf 90' lang='lat' dir='ltr'><strong>membra</strong></span> <span class='ocrx_word' id='word_1_189' title='bbox 1513 2347 1829 2424; x_wconf 87' lang='lat' dir='ltr'><strong>torquere.</strong></span> <span class='ocrx_word' id='word_1_190' title='bbox 1910 2335 2205 2423; x_wconf 83' lang='lat' dir='ltr'><strong>Cumque</strong></span> <span class='ocrx_word' id='word_1_191' title='bbox 2252 2359 2291 2402; x_wconf 92' lang='lat' dir='ltr'><strong>a</strong></span> 
     </span>
     <span class='ocr_line' id='line_1_25' title="bbox 159 2425 2291 2513; baseline -0.001 -19"><span class='ocrx_word' id='word_1_192' title='bbox 159 2429 330 2494; x_wconf 87' lang='lat' dir='ltr'><strong>nullo</strong></span> <span class='ocrx_word' id='word_1_193' title='bbox 379 2427 490 2492; x_wconf 90' lang='lat' dir='ltr'><strong>uel</strong></span> <span class='ocrx_word' id='word_1_194' title='bbox 533 2428 739 2491; x_wconf 90' lang='lat' dir='ltr'><strong>teneri</strong></span> <span class='ocrx_word' id='word_1_195' title='bbox 781 2425 886 2490; x_wconf 91' lang='lat' dir='ltr'><strong>uel</strong></span> <span class='ocrx_word' id='word_1_196' title='bbox 918 2425 1112 2511; x_wconf 84' lang='lat' dir='ltr'><strong>ligari</strong></span> <span class='ocrx_word' id='word_1_197' title='bbox 1155 2428 1487 2513; x_wconf 88' lang='lat' dir='ltr'><strong>potuisset,</strong></span> <span class='ocrx_word' id='word_1_198' title='bbox 1556 2427 1838 2491; x_wconf 86' lang='lat' dir='ltr'><strong>cucurrit</strong></span> <span class='ocrx_word' id='word_1_199' title='bbox 1882 2427 2177 2492; x_wconf 89' lang='lat' dir='ltr'><strong>minister</strong></span> <span class='ocrx_word' id='word_1_200' title='bbox 2224 2435 2291 2491; x_wconf 88' lang='lat' dir='ltr'><strong>et</strong></span> 
     </span>
     <span class='ocr_line' id='line_1_26' title="bbox 157 2515 2291 2603; baseline -0 -23"><span class='ocrx_word' id='word_1_201' title='bbox 157 2517 417 2603; x_wconf 86' lang='lat' dir='ltr'><strong>pulsans</strong></span> <span class='ocrx_word' id='word_1_202' title='bbox 449 2515 533 2580; x_wconf 91' lang='lat' dir='ltr'><strong>ad</strong></span> <span class='ocrx_word' id='word_1_203' title='bbox 576 2517 811 2580; x_wconf 87' lang='lat' dir='ltr'><strong>ostium</strong></span> <span class='ocrx_word' id='word_1_204' title='bbox 856 2517 1175 2580; x_wconf 85' lang='lat' dir='ltr'><strong>nuntiauit</strong></span> <span class='ocrx_word' id='word_1_205' title='bbox 1219 2516 1605 2582; x_wconf 84' lang='lat' dir='ltr'><strong>abbatissae.</strong></span> <span class='ocrx_word' id='word_1_206' title='bbox 1700 2515 1793 2580; x_wconf 90' lang='lat' dir='ltr'><strong>At</strong></span> <span class='ocrx_word' id='word_1_207' title='bbox 1838 2515 1949 2580; x_wconf 91' lang='lat' dir='ltr'><strong>illa</strong></span> <span class='ocrx_word' id='word_1_208' title='bbox 1993 2516 2291 2601; x_wconf 88' lang='lat' dir='ltr'><strong>aperiens</strong></span> 
     </span>
     <span class='ocr_line' id='line_1_27' title="bbox 158 2604 2292 2692; baseline -0.001 -22"><span class='ocrx_word' id='word_1_209' title='bbox 158 2608 417 2670; x_wconf 89' lang='lat' dir='ltr'><strong>ianuam</strong></span> <span class='ocrx_word' id='word_1_210' title='bbox 480 2605 853 2669; x_wconf 87' lang='lat' dir='ltr'><strong>monasterii</strong></span> <span class='ocrx_word' id='word_1_211' title='bbox 906 2604 1112 2668; x_wconf 87' lang='lat' dir='ltr'><strong>exiuit</strong></span> <span class='ocrx_word' id='word_1_212' title='bbox 1158 2605 1298 2692; x_wconf 86' lang='lat' dir='ltr'><strong>ipsa</strong></span> <span class='ocrx_word' id='word_1_213' title='bbox 1344 2627 1491 2669; x_wconf 90' lang='lat' dir='ltr'><strong>cum</strong></span> <span class='ocrx_word' id='word_1_214' title='bbox 1535 2626 1666 2668; x_wconf 88' lang='lat' dir='ltr'><strong>una</strong></span> <span class='ocrx_word' id='word_1_215' title='bbox 1712 2604 2292 2669; x_wconf 89' lang='lat' dir='ltr'><strong>sanctimonialium</strong></span> 
     </span>
     <span class='ocr_line' id='line_1_28' title="bbox 160 2691 2291 2780; baseline -0 -22"><span class='ocrx_word' id='word_1_216' title='bbox 160 2694 544 2760; x_wconf 87' lang='lat' dir='ltr'><strong>feminarum</strong></span> <span class='ocrx_word' id='word_1_217' title='bbox 591 2691 674 2757; x_wconf 87' lang='lat' dir='ltr'><strong>ad</strong></span> <span class='ocrx_word' id='word_1_218' title='bbox 720 2692 932 2756; x_wconf 91' lang='lat' dir='ltr'><strong>locum</strong></span> <span class='ocrx_word' id='word_1_219' title='bbox 995 2695 1310 2776; x_wconf 90' lang='lat' dir='ltr'><strong>uirorum,</strong></span> <span class='ocrx_word' id='word_1_220' title='bbox 1381 2703 1447 2758; x_wconf 90' lang='lat' dir='ltr'><strong>et</strong></span> <span class='ocrx_word' id='word_1_221' title='bbox 1506 2715 1783 2758; x_wconf 90' lang='lat' dir='ltr'><strong>euocans</strong></span> <span class='ocrx_word' id='word_1_222' title='bbox 1842 2693 2291 2780; x_wconf 87' lang='lat' dir='ltr'><strong>presbyterum</strong></span> 
     </span>
     <span class='ocr_line' id='line_1_29' title="bbox 160 2781 2293 2869; baseline 0 -23"><span class='ocrx_word' id='word_1_223' title='bbox 160 2783 418 2869; x_wconf 88' lang='lat' dir='ltr'><strong>rogauit</strong></span> <span class='ocrx_word' id='word_1_224' title='bbox 467 2805 683 2847; x_wconf 90' lang='lat' dir='ltr'><strong>secum</strong></span> <span class='ocrx_word' id='word_1_225' title='bbox 727 2782 948 2846; x_wconf 90' lang='lat' dir='ltr'><strong>uenire</strong></span> <span class='ocrx_word' id='word_1_226' title='bbox 994 2781 1078 2846; x_wconf 91' lang='lat' dir='ltr'><strong>ad</strong></span> <span class='ocrx_word' id='word_1_227' title='bbox 1121 2785 1496 2868; x_wconf 89' lang='lat' dir='ltr'><strong>patientem.</strong></span> <span class='ocrx_word' id='word_1_228' title='bbox 1590 2781 1721 2847; x_wconf 92' lang='lat' dir='ltr'><strong>Vbi</strong></span> <span class='ocrx_word' id='word_1_229' title='bbox 1767 2804 1914 2847; x_wconf 92' lang='lat' dir='ltr'><strong>cum</strong></span> <span class='ocrx_word' id='word_1_230' title='bbox 1959 2783 2293 2850; x_wconf 88' lang='lat' dir='ltr'><strong>uenientes</strong></span> 
     </span>
     <span class='ocr_line' id='line_1_30' title="bbox 159 2869 2295 2956; baseline 0 -20"><span class='ocrx_word' id='word_1_231' title='bbox 159 2871 454 2938; x_wconf 90' lang='lat' dir='ltr'><strong>uiderent</strong></span> <span class='ocrx_word' id='word_1_232' title='bbox 512 2870 748 2934; x_wconf 88' lang='lat' dir='ltr'><strong>multos</strong></span> <span class='ocrx_word' id='word_1_233' title='bbox 807 2869 1116 2954; x_wconf 84' lang='lat' dir='ltr'><strong>adfuisse,</strong></span> <span class='ocrx_word' id='word_1_234' title='bbox 1179 2872 1292 2956; x_wconf 90' lang='lat' dir='ltr'><strong>qui</strong></span> <span class='ocrx_word' id='word_1_235' title='bbox 1350 2879 1656 2936; x_wconf 88' lang='lat' dir='ltr'><strong>uexatum</strong></span> <span class='ocrx_word' id='word_1_236' title='bbox 1702 2879 1924 2936; x_wconf 87' lang='lat' dir='ltr'><strong>tenere</strong></span> <span class='ocrx_word' id='word_1_237' title='bbox 1971 2880 2037 2937; x_wconf 90' lang='lat' dir='ltr'><strong>et</strong></span> <span class='ocrx_word' id='word_1_238' title='bbox 2081 2884 2295 2938; x_wconf 89' lang='lat' dir='ltr'><strong>motus</strong></span> 
     </span>
     <span class='ocr_line' id='line_1_31' title="bbox 161 2960 2293 3048; baseline 0 -22"><span class='ocrx_word' id='word_1_239' title='bbox 161 2963 293 3026; x_wconf 87' lang='lat' dir='ltr'><strong>eius</strong></span> <span class='ocrx_word' id='word_1_240' title='bbox 325 2963 586 3025; x_wconf 88' lang='lat' dir='ltr'><strong>insanos</strong></span> <span class='ocrx_word' id='word_1_241' title='bbox 629 2960 1051 3045; x_wconf 90' lang='lat' dir='ltr'><strong>comprimere</strong></span> <span class='ocrx_word' id='word_1_242' title='bbox 1103 2961 1314 3024; x_wconf 89' lang='lat' dir='ltr'><strong>conati</strong></span> <span class='ocrx_word' id='word_1_243' title='bbox 1367 2981 1771 3046; x_wconf 85' lang='lat' dir='ltr'><strong>nequaquam</strong></span> <span class='ocrx_word' id='word_1_244' title='bbox 1817 2960 2151 3048; x_wconf 88' lang='lat' dir='ltr'><strong>ualebant,</strong></span> <span class='ocrx_word' id='word_1_245' title='bbox 2201 2961 2293 3027; x_wconf 91' lang='lat' dir='ltr'><strong>di-</strong></span> 
     </span>
     <span class='ocr_line' id='line_1_32' title="bbox 161 3048 2294 3138; baseline -0 -23"><span class='ocrx_word' id='word_1_246' title='bbox 161 3051 348 3115; x_wconf 87' lang='lat' dir='ltr'><strong>cebat</strong></span> <span class='ocrx_word' id='word_1_247' title='bbox 394 3048 738 3137; x_wconf 83' lang='lat' dir='ltr'><strong>presbyter</strong></span> <span class='ocrx_word' id='word_1_248' title='bbox 799 3049 1189 3112; x_wconf 85' lang='lat' dir='ltr'><strong>exorcismos</strong></span> <span class='ocrx_word' id='word_1_249' title='bbox 1241 3058 1326 3132; x_wconf 91' lang='lat' dir='ltr'><strong>et,</strong></span> <span class='ocrx_word' id='word_1_250' title='bbox 1376 3070 1666 3136; x_wconf 90' lang='lat' dir='ltr'><strong>quaeque</strong></span> <span class='ocrx_word' id='word_1_251' title='bbox 1711 3058 1985 3136; x_wconf 88' lang='lat' dir='ltr'><strong>poterat,</strong></span> <span class='ocrx_word' id='word_1_252' title='bbox 2034 3073 2150 3138; x_wconf 89' lang='lat' dir='ltr'><strong>pro</strong></span> <span class='ocrx_word' id='word_1_253' title='bbox 2198 3073 2294 3114; x_wconf 92' lang='lat' dir='ltr'><strong>se-</strong></span> 
     </span>
     <span class='ocr_line' id='line_1_33' title="bbox 161 3134 2294 3224; baseline -0.001 -20"><span class='ocrx_word' id='word_1_254' title='bbox 161 3137 371 3204; x_wconf 89' lang='lat' dir='ltr'><strong>dando</strong></span> <span class='ocrx_word' id='word_1_255' title='bbox 417 3138 637 3202; x_wconf 89' lang='lat' dir='ltr'><strong>miseri</strong></span> <span class='ocrx_word' id='word_1_256' title='bbox 681 3136 897 3203; x_wconf 78' lang='lat' dir='ltr'><strong>furore</strong></span> <span class='ocrx_word' id='word_1_257' title='bbox 943 3135 1197 3222; x_wconf 87' lang='lat' dir='ltr'><strong>agebat.</strong></span> <span class='ocrx_word' id='word_1_258' title='bbox 1261 3134 1395 3203; x_wconf 84' lang='lat' dir='ltr'><strong>Sed</strong></span> <span class='ocrx_word' id='word_1_259' title='bbox 1426 3160 1546 3203; x_wconf 88' lang='lat' dir='ltr'><strong>nec</strong></span> <span class='ocrx_word' id='word_1_260' title='bbox 1585 3139 1742 3224; x_wconf 90' lang='lat' dir='ltr'><strong>ipse,</strong></span> <span class='ocrx_word' id='word_1_261' title='bbox 1792 3141 2089 3223; x_wconf 89' lang='lat' dir='ltr'><strong>quamuis</strong></span> <span class='ocrx_word' id='word_1_262' title='bbox 2134 3138 2294 3202; x_wconf 89' lang='lat' dir='ltr'><strong>mul-</strong></span> 
     </span>
     <span class='ocr_line' id='line_1_34' title="bbox 159 3223 2293 3313; baseline -0 -21"><span class='ocrx_word' id='word_1_263' title='bbox 159 3237 298 3292; x_wconf 87' lang='lat' dir='ltr'><strong>tum</strong></span> <span class='ocrx_word' id='word_1_264' title='bbox 345 3226 668 3307; x_wconf 89' lang='lat' dir='ltr'><strong>laborans,</strong></span> <span class='ocrx_word' id='word_1_265' title='bbox 717 3225 1031 3312; x_wconf 88' lang='lat' dir='ltr'><strong>proficere</strong></span> <span class='ocrx_word' id='word_1_266' title='bbox 1076 3225 1320 3311; x_wconf 91' lang='lat' dir='ltr'><strong>aliquid</strong></span> <span class='ocrx_word' id='word_1_267' title='bbox 1367 3226 1639 3291; x_wconf 89' lang='lat' dir='ltr'><strong>ualebat.</strong></span> <span class='ocrx_word' id='word_1_268' title='bbox 1720 3223 2015 3313; x_wconf 83' lang='lat' dir='ltr'><strong>Cumque</strong></span> <span class='ocrx_word' id='word_1_269' title='bbox 2060 3226 2152 3292; x_wconf 89' lang='lat' dir='ltr'><strong>nil</strong></span> <span class='ocrx_word' id='word_1_270' title='bbox 2195 3248 2293 3291; x_wconf 84' lang='lat' dir='ltr'><strong>sa-</strong></span> 
     </span>
     <span class='ocr_line' id='line_1_35' title="bbox 158 3315 2293 3402; baseline -0.001 -21"><span class='ocrx_word' id='word_1_271' title='bbox 158 3317 309 3382; x_wconf 88' lang='lat' dir='ltr'><strong>lutis</strong></span> <span class='ocrx_word' id='word_1_272' title='bbox 341 3316 584 3381; x_wconf 87' lang='lat' dir='ltr'><strong>furenti</strong></span> <span class='ocrx_word' id='word_1_273' title='bbox 623 3337 959 3400; x_wconf 90' lang='lat' dir='ltr'><strong>superesse</strong></span> <span class='ocrx_word' id='word_1_274' title='bbox 1004 3315 1354 3400; x_wconf 89' lang='lat' dir='ltr'><strong>uideretur,</strong></span> <span class='ocrx_word' id='word_1_275' title='bbox 1404 3323 1672 3402; x_wconf 88' lang='lat' dir='ltr'><strong>repente</strong></span> <span class='ocrx_word' id='word_1_276' title='bbox 1703 3316 1881 3380; x_wconf 90' lang='lat' dir='ltr'><strong>uenit</strong></span> <span class='ocrx_word' id='word_1_277' title='bbox 1911 3317 1978 3381; x_wconf 91' lang='lat' dir='ltr'><strong>in</strong></span> <span class='ocrx_word' id='word_1_278' title='bbox 2008 3324 2293 3380; x_wconf 85' lang='lat' dir='ltr'><strong>mentem</strong></span> 
     </span>
     <span class='ocr_line' id='line_1_36' title="bbox 161 3402 2295 3491; baseline -0 -21"><span class='ocrx_word' id='word_1_279' title='bbox 161 3406 528 3471; x_wconf 90' lang='lat' dir='ltr'><strong>abbatissae</strong></span> <span class='ocrx_word' id='word_1_280' title='bbox 573 3402 785 3491; x_wconf 89' lang='lat' dir='ltr'><strong>puluis</strong></span> <span class='ocrx_word' id='word_1_281' title='bbox 830 3403 937 3468; x_wconf 92' lang='lat' dir='ltr'><strong>ille</strong></span> <span class='ocrx_word' id='word_1_282' title='bbox 983 3404 1332 3490; x_wconf 87' lang='lat' dir='ltr'><strong>praefatus,</strong></span> <span class='ocrx_word' id='word_1_283' title='bbox 1382 3409 1726 3490; x_wconf 88' lang='lat' dir='ltr'><strong>statimque</strong></span> <span class='ocrx_word' id='word_1_284' title='bbox 1772 3405 1925 3471; x_wconf 87' lang='lat' dir='ltr'><strong>iusit</strong></span> <span class='ocrx_word' id='word_1_285' title='bbox 1968 3407 2064 3469; x_wconf 90' lang='lat' dir='ltr'><strong>ire</strong></span> <span class='ocrx_word' id='word_1_286' title='bbox 2110 3405 2295 3469; x_wconf 91' lang='lat' dir='ltr'><strong>mini-</strong></span> 
     </span>
     <span class='ocr_line' id='line_1_37' title="bbox 164 3491 2296 3579; baseline 0 -21"><span class='ocrx_word' id='word_1_287' title='bbox 164 3503 357 3558; x_wconf 85' lang='lat' dir='ltr'><strong>stram</strong></span> <span class='ocrx_word' id='word_1_288' title='bbox 403 3502 470 3558; x_wconf 86' lang='lat' dir='ltr'><strong>et</strong></span> <span class='ocrx_word' id='word_1_289' title='bbox 515 3491 884 3579; x_wconf 90' lang='lat' dir='ltr'><strong>capsellam,</strong></span> <span class='ocrx_word' id='word_1_290' title='bbox 931 3495 1000 3557; x_wconf 92' lang='lat' dir='ltr'><strong>in</strong></span> <span class='ocrx_word' id='word_1_291' title='bbox 1047 3514 1173 3578; x_wconf 91' lang='lat' dir='ltr'><strong>qua</strong></span> <span class='ocrx_word' id='word_1_292' title='bbox 1221 3502 1380 3576; x_wconf 89' lang='lat' dir='ltr'><strong>erat,</strong></span> <span class='ocrx_word' id='word_1_293' title='bbox 1426 3493 1765 3558; x_wconf 90' lang='lat' dir='ltr'><strong>adducere.</strong></span> <span class='ocrx_word' id='word_1_294' title='bbox 1858 3492 1947 3558; x_wconf 89' lang='lat' dir='ltr'><strong>Et</strong></span> <span class='ocrx_word' id='word_1_295' title='bbox 1994 3515 2139 3557; x_wconf 90' lang='lat' dir='ltr'><strong>cum</strong></span> <span class='ocrx_word' id='word_1_296' title='bbox 2183 3493 2296 3558; x_wconf 89' lang='lat' dir='ltr'><strong>illa</strong></span> 
     </span>
     <span class='ocr_line' id='line_1_38' title="bbox 165 3579 2293 3668; baseline -0 -20"><span class='ocrx_word' id='word_1_297' title='bbox 165 3582 477 3666; x_wconf 86' lang='lat' dir='ltr'><strong>adferens,</strong></span> <span class='ocrx_word' id='word_1_298' title='bbox 529 3603 696 3668; x_wconf 90' lang='lat' dir='ltr'><strong>quae</strong></span> <span class='ocrx_word' id='word_1_299' title='bbox 739 3583 913 3646; x_wconf 89' lang='lat' dir='ltr'><strong>iussa</strong></span> <span class='ocrx_word' id='word_1_300' title='bbox 960 3591 1075 3666; x_wconf 89' lang='lat' dir='ltr'><strong>est,</strong></span> <span class='ocrx_word' id='word_1_301' title='bbox 1122 3583 1391 3646; x_wconf 87' lang='lat' dir='ltr'><strong>intraret</strong></span> <span class='ocrx_word' id='word_1_302' title='bbox 1436 3583 1671 3647; x_wconf 87' lang='lat' dir='ltr'><strong>atrium</strong></span> <span class='ocrx_word' id='word_1_303' title='bbox 1719 3579 1966 3666; x_wconf 90' lang='lat' dir='ltr'><strong>domus,</strong></span> <span class='ocrx_word' id='word_1_304' title='bbox 2015 3583 2084 3647; x_wconf 88' lang='lat' dir='ltr'><strong>in</strong></span> <span class='ocrx_word' id='word_1_305' title='bbox 2114 3583 2293 3647; x_wconf 90' lang='lat' dir='ltr'><strong>cuius</strong></span> 
     </span>
     <span class='ocr_line' id='line_1_39' title="bbox 168 3668 2294 3756; baseline 0.002 -24"><span class='ocrx_word' id='word_1_306' title='bbox 168 3670 566 3738; x_wconf 86' lang='lat' dir='ltr'><strong>interioribus</strong></span> <span class='ocrx_word' id='word_1_307' title='bbox 609 3668 1052 3735; x_wconf 88' lang='lat' dir='ltr'><strong>daemoniosus</strong></span> <span class='ocrx_word' id='word_1_308' title='bbox 1093 3669 1534 3756; x_wconf 88' lang='lat' dir='ltr'><strong>torquebatur,</strong></span> <span class='ocrx_word' id='word_1_309' title='bbox 1582 3671 1891 3736; x_wconf 88' lang='lat' dir='ltr'><strong>conticuit</strong></span> <span class='ocrx_word' id='word_1_310' title='bbox 1920 3671 2029 3736; x_wconf 92' lang='lat' dir='ltr'><strong>ille</strong></span> <span class='ocrx_word' id='word_1_311' title='bbox 2061 3671 2294 3756; x_wconf 84' lang='lat' dir='ltr'><strong>subite,</strong></span> 
     </span>
     <span class='ocr_line' id='line_1_40' title="bbox 172 3759 2295 3848; baseline 0.001 -25"><span class='ocrx_word' id='word_1_312' title='bbox 172 3769 233 3824; x_wconf 90' lang='lat' dir='ltr'><strong>et</strong></span> <span class='ocrx_word' id='word_1_313' title='bbox 274 3762 459 3848; x_wconf 86' lang='lat' dir='ltr'><strong>quasi</strong></span> <span class='ocrx_word' id='word_1_314' title='bbox 502 3761 573 3825; x_wconf 91' lang='lat' dir='ltr'><strong>in</strong></span> <span class='ocrx_word' id='word_1_315' title='bbox 619 3781 910 3824; x_wconf 90' lang='lat' dir='ltr'><strong>somnum</strong></span> <span class='ocrx_word' id='word_1_316' title='bbox 955 3759 1209 3824; x_wconf 85' lang='lat' dir='ltr'><strong>laxatus</strong></span> <span class='ocrx_word' id='word_1_317' title='bbox 1254 3759 1550 3846; x_wconf 90' lang='lat' dir='ltr'><strong>deposuit</strong></span> <span class='ocrx_word' id='word_1_318' title='bbox 1611 3768 1832 3846; x_wconf 89' lang='lat' dir='ltr'><strong>caput,</strong></span> <span class='ocrx_word' id='word_1_319' title='bbox 1894 3760 2186 3826; x_wconf 87' lang='lat' dir='ltr'><strong>membra</strong></span> <span class='ocrx_word' id='word_1_320' title='bbox 2229 3763 2295 3826; x_wconf 87' lang='lat' dir='ltr'><strong>in</strong></span> 
     </span>
     <span class='ocr_line' id='line_1_41' title="bbox 170 3849 1127 3934; baseline -0.002 -20"><span class='ocrx_word' id='word_1_321' title='bbox 170 3851 443 3934; x_wconf 83' lang='lat' dir='ltr'><strong>quietem</strong></span> <span class='ocrx_word' id='word_1_322' title='bbox 490 3849 708 3914; x_wconf 87' lang='lat' dir='ltr'><strong>omnia</strong></span> <span class='ocrx_word' id='word_1_323' title='bbox 752 3849 1127 3934; x_wconf 89' lang='lat' dir='ltr'><strong>composuit.</strong></span> 
     </span>
    </p>
   </div>
  </div>
 </body>
</html>
