2723 4326
373 183 504 246 220
2253 180 2377 232 1111.
2417 180 2515 235 28.

371 360 555 444 piosa
609 376 799 440 seges
860 365 1086 421 exorta
1143 355 1575 421 desideratam
1643 357 1890 442 proprii
1932 356 2172 422 laboris
2219 359 2359 422 uiro
2406 357 2515 424 dei

371 446 790 510 refectionem
834 445 1206 533 praebebat.

550 532 718 599 Cum
765 556 920 620 ergo
971 534 1188 598 multis
1235 532 1476 599 ibidem
1523 535 1707 598 annis
1737 531 1858 598 deo
1891 533 2210 600 solitarius
2241 536 2519 600 seruiret

373 623 586 710 (tanta
631 632 848 688 autem
897 633 1037 688 erat
1084 622 1355 687 altitudo
1405 624 1690 708 aggeris,
1738 644 1864 708 quo
1911 624 2158 688 mansio
2206 625 2344 690 eius
2376 634 2521 689 erat

368 713 628 798 uallata,
676 722 750 777 ut
797 711 1044 791 caelum
1091 722 1344 778 tantum
1393 735 1476 777 ex
1525 734 1620 796 ea,
1657 715 1833 776 cuius
1866 714 2200 778 introitum
2232 713 2511 798 sitiebat,

371 805 658 889 aspicere
703 800 966 888 posset),
1019 803 1312 888 contigit,
1344 811 1417 864 ut
1448 811 1844 886 congregata
1875 801 2120 888 synodo
2152 824 2281 866 non
2310 825 2517 889 paruo

372 893 489 956 sub
535 892 904 978 praesentia
948 892 1122 976 reg'is
1167 889 1467 975 Ecgfridi
1510 891 1694 954 iuxta
1737 890 2006 955 fluuium
2037 889 2206 956 Alne
2252 892 2318 954 in
2350 891 2513 972 loce,

373 981 486 1062 qui
529 979 765 1044 dicitur
787 977 1190 1065 Adtuifyrdi,
1239 977 1414 1062 quod
1459 978 1780 1064 significat
1827 977 1930 1043 ‘ad
1964 978 2201 1066 duplex
2230 978 2515 1065 uadum’,

373 1071 476 1136 cui
520 1069 750 1134 beatae
796 1069 1150 1134 memoriae
1197 1066 1578 1133 Theodorus
1626 1067 2147 1154 archiepiscopus
2190 1068 2517 1155 praeside-

375 1160 506 1242 bat,
555 1179 681 1222 uno
728 1159 942 1222 animo
989 1159 1403 1240 omniumque
1448 1179 1766 1223 consensu
1811 1155 1893 1221 ad
1941 1161 2381 1246 episcopatum
2415 1181 2517 1224 ec·

371 1249 606 1314 clesiae
652 1244 1196 1312 Lindisfarnensis
1243 1247 1613 1330 eligeretur.
1707 1242 1833 1323 Qui
1880 1269 2027 1311 cum
2072 1247 2291 1311 multis
2334 1247 2514 1332 lega-

371 1337 530 1401 taris
594 1358 671 1399 ac
734 1335 968 1400 litteris
1023 1335 1106 1400 ad
1153 1356 1222 1399 se
1266 1336 1637 1421 praemissis
1682 1355 2087 1418 nequaquam
2133 1358 2247 1400 suo
2292 1358 2517 1401 mona-

369 1427 563 1491 sterio
608 1433 825 1510 posset
871 1425 1047 1507 erui,
1093 1423 1354 1489 tandem
1402 1446 1520 1488 rex
1564 1425 1702 1511 ipse
1748 1423 2113 1511 praefatus,
2178 1448 2308 1491 una
2354 1448 2505 1491 cum

369 1513 770 1579 sanctissimo
815 1514 1104 1578 antistite
1153 1513 1512 1578 Trumuine
1558 1535 1677 1578 nec
1721 1535 1848 1578 non
1895 1523 1961 1578 et
2007 1514 2149 1579 aliis
2178 1515 2507 1600 religiosis

368 1625 446 1667 ac
491 1602 857 1689 potentibus
901 1602 1060 1667 uiris
1104 1603 1378 1667 insulam
1422 1603 1777 1687 nauigauit.
1871 1600 2279 1668 Conueniunt
2326 1612 2391 1668 et
2422 1603 2509 1668 de

369 1693 510 1780 ipsa
553 1691 762 1756 insula
804 1691 1316 1757 Lindisfarnensi
1378 1691 1446 1755 in
1508 1692 1629 1756 hoc
1674 1692 1887 1778 ipsum
1933 1692 2121 1756 multi
2165 1690 2245 1758 de
2289 1692 2508 1757 fratri·

367 1781 513 1864 bus,
556 1779 995 1865 genuflectunt
1040 1802 1282 1865 omnes,
1331 1779 1631 1846 adiurant
1673 1802 1791 1868 per
1824 1779 2173 1860 dominum,
2204 1781 2511 1847 lacrimas

369 1867 664 1954 fundunt,
711 1870 1087 1948 obsecrant3
1136 1868 1341 1934 donec
1386 1871 1599 1956 ipsum
1645 1889 1899 1950 quoque
1931 1869 2211 1934 lacrimis
2243 1870 2513 1958 plenum

373 1957 665 2023 dulcibus
713 1959 1058 2024 extrahunt
1103 1957 1370 2024 latebris
1416 1968 1613 2045 atque
1645 1956 1727 2022 ad
1760 1959 2075 2044 synodum
2106 1959 2514 2046 pertrahunt.

373 2044 516 2124 Quo
565 2044 716 2111 dum
760 2049 1150 2134 perueniret,
1191 2050 1486 2130 quamuis
1534 2048 1806 2113 multum
1853 2049 2159 2133 renitens,
2206 2050 2523 2113 unanima

375 2145 752 2202 cunctorum
814 2137 1142 2203 uoluntate
1208 2145 1548 2225 superatur
1612 2146 1806 2224 atque
1880 2135 1963 2201 ad
2036 2137 2521 2224 suscipiendum

371 2227 782 2313 episcopatus
849 2224 1134 2291 officium
1201 2226 1434 2292 collum
1500 2225 1882 2292 submittere
1942 2250 2082 2291 com
2134 2227 2373 2292 ellitur:
2436 2250 2521 2292 eo

371 2317 654 2380 maxime
699 2316 909 2380 uictus
956 2336 1268 2397 sermone,
1319 2315 1491 2401 quod
1523 2316 1801 2381 famulus
1833 2314 2075 2381 domini
2086 2250 2318 2401 ffioisil,
2368 2338 2520 2382 cum

375 2405 435 2469 ei
478 2413 696 2469 mente
742 2403 1123 2490 prophetica
1167 2414 1431 2487 cuncta,
1497 2426 1664 2490 quae
1711 2426 1861 2469 eum
1914 2414 2129 2469 essent
2174 2428 2523 2492 superuen-

374 2503 548 2573 tura,
603 2492 1042 2579 patefaceret,
1105 2494 1464 2559 antistitem
1524 2515 1780 2580 quoque
1834 2515 1983 2558 eum
2039 2494 2328 2559 futurum
2381 2517 2527 2560 esse

376 2581 803 2668 praedixerat.
915 2581 1058 2647 Nec
1125 2592 1345 2647 tamen
1407 2586 1627 2647 statim
1682 2580 1999 2647 ordinatio
2062 2581 2359 2667 decreta,
2408 2583 2525 2648 sed

375 2680 642 2757 peracta
715 2669 946 2755 hieme,
1027 2693 1194 2757 quae
1267 2673 1659 2755 inminebat,
1737 2673 1805 2736 in
1877 2672 2020 2759 ipsa
2094 2672 2527 2739 sollemnitate

377 2759 666 2845 paschali
731 2759 1054 2847 completa
1127 2770 1222 2825 est
1281 2758 1565 2825 Eboraci
1634 2761 1751 2824 sub
1820 2762 2189 2848 praesentia
2249 2761 2543 2850 praefati·
2612 2758 2615 2761 ’

378 2850 553 2931 regis
583 2846 902 2933 Ecgfridi,
953 2849 1487 2914 conuenientibus
1521 2848 1606 2914 ad
1636 2850 2187 2915 consecrationem
2220 2853 2358 2916 eius
2388 2849 2529 2915 VII

380 2938 694 3023 episcopis
709 2988 728 3021 ,
795 2938 862 3001 in
907 2938 1140 3021 quibus
1189 2938 1418 3003 beatae
1465 2940 1815 3003 memoriae
1863 2937 2240 3004 Theodorus
2285 2941 2526 3026 prima—

388 3037 529 3090 tum
573 3026 856 3091 tenebat.
947 3027 1213 3093 Electus
1275 3036 1375 3091 est
1437 3039 1656 3092 autem
1714 3028 1923 3114 primo
1967 3029 2035 3091 in
2082 3030 2528 3116 episcopatum

386 3114 927 3199 Hagustaldensis
984 3117 1297 3182 ecclesiae
1361 3139 1478 3202 pro
1528 3115 1918 3201 Tunbercto,
1993 3118 2101 3202 qui
2148 3118 2231 3181 ab
2280 3119 2525 3203 episco-

384 3215 543 3290 patu
587 3203 801 3268 fuerat
847 3204 1206 3291 depositus:
1274 3203 1390 3269 sed
1452 3208 1754 3287 quoniam
1798 3205 1939 3292 ipse
1982 3206 2128 3294 plus
2172 3204 2530 3272 Lindisfar·

382 3295 566 3358 nensi
615 3294 945 3372 ecclesiae,
991 3295 1059 3358 in
1090 3316 1218 3381 qua
1249 3303 1667 3359 conuersatus
1698 3294 1928 3379 fuerat,
1984 3294 2210 3359 dilexit
2238 3294 2531 3380 praefici,

385 3380 644 3468 placuit,
678 3392 751 3446 ut
767 3382 938 3447 Eata
968 3405 1230 3449 reuerso
1263 3381 1345 3447 ad
1380 3383 1599 3449 sedem
1630 3384 1939 3450 ecclesiae
1959 3382 2525 3468 Hagustaldensis,

387 3472 488 3534 cui
534 3470 860 3556 regendae
905 3473 1114 3558 primo
1159 3473 1370 3537 fuerat
1430 3470 1757 3539 ordinatus
1775 3522 1794 3556 ,
1845 3470 2174 3538 Cudberct
2220 3473 2534 3538 ecclesiae

385 3557 931 3626 Lindisfarnensis
978 3560 1422 3645 gubernacula
1468 3563 1843 3649 susciperet.

567 3646 696 3727 Qui
760 3658 1130 3736 susceptum
1187 3651 1592 3737 episcopatus
1652 3649 1929 3734 gradum
1973 3647 2056 3714 ad
2102 3650 2530 3715 imitationem

391 3733 733 3802 beatorum
775 3739 1209 3826 apostolorum
1253 3740 1569 3805 uirtutum
1616 3738 1889 3804 ornabat
1919 3738 2242 3826 operibus.
2336 3736 2526 3803 Com-

391 3823 654 3887 missam
718 3846 996 3907 namque
1052 3829 1177 3893 sibi
1234 3828 1492 3914 plebem
1555 3836 1620 3895 et
1685 3829 2081 3893 orationibus
2138 3827 2533 3913 protegebat

2706 433 2713 530 *
