2723 4326
412 204 540 270 222
2294 201 2418 253 1111.
2460 203 2555 255 29.

408 381 558 461 bea,
622 400 725 443 me
770 379 1131 462 interroges
1179 399 1562 462 mecumque
1607 377 1919 462 loquaris:
1986 386 2327 463 postquam
2374 379 2553 442 enim

409 470 492 536 ab
539 469 815 533 inuicem
862 467 1138 552 digressi
1184 465 1496 531 fuerimus
1516 517 1534 550 ‚
1582 487 1709 530 non
1755 465 1925 529 ultra
1970 487 2086 530 nos
2131 469 2199 530 in
2243 465 2364 531 hoc
2413 489 2553 531 sae·

411 559 550 621 culo
613 559 832 621 carnis·
880 555 1206 620 obtutibus
1271 556 1551 620 inuicem
1608 555 2011 640 aspiciemus,
2115 553 2349 621 Certus
2404 579 2553 620 sum

409 669 708 732 namque,
758 644 927 732 quod
973 654 1228 730 tempus
1274 666 1461 708 meae
1508 645 1913 708 resolutionis
1958 644 2190 728 instat,
2242 654 2309 710 et
2354 644 2551 709 uelox

410 746 510 800 est
555 734 869 822 depositio
915 733 1313 798 tabernaculi
1358 735 1529 797 mei'.
1624 729 1752 810 Qui
1799 731 1959 796 haec
2005 731 2271 798 audiens
2314 755 2550 821 prouo-

409 826 582 888 lutus
650 833 748 888 est
807 824 942 888 eius
999 824 1292 907 uestigiis
1304 873 1322 905 ,
1388 832 1453 886 et
1514 822 1672 886 fusis
1736 844 1881 886 cum
1942 822 2190 906 gemitu
2236 823 2553 887 lacrimis:

412 913 742 979 ‘Obsecro'
791 913 998 998 inquit
1047 911 1182 998 ‘per
1229 909 1589 995 dominum,
1654 933 1736 975 ne
1784 933 1887 975 me
1933 909 2225 993 deseras,
2292 910 2405 976 sed
2452 913 2552 975 tui

410 1024 655 1067 memor
703 1002 788 1066 sis
834 999 1128 1065 fidissimi
1175 999 1409 1064 sodalis
1454 1022 1776 1086 rogesque
1824 1021 2169 1086 supernam
2216 1001 2548 1088 pietatem,

409 1102 501 1176 ut,
551 1093 652 1155 cui
701 1089 888 1155 simul
931 1092 1000 1154 in
1051 1091 1238 1155 terris
1287 1090 1689 1174 seruiuimus‚
1738 1088 1821 1153 ad
1854 1091 1989 1155 eius
2022 1087 2366 1154 uidendam
2400 1111 2548 1173 gra·

409 1184 569 1244 tiam
615 1179 805 1244 simul
851 1189 1252 1244 transeamus
1283 1176 1366 1242 ad
1400 1178 1631 1244 caelos.
1709 1175 1901 1242 Nosti
1933 1179 2124 1261 enim,
2161 1181 2312 1264 quia
2340 1178 2423 1243 ad
2454 1181 2551 1242 tui

412 1273 542 1334 oris
587 1270 930 1355 imperium
977 1289 1230 1353 semper
1288 1268 1512 1332 uiuere
1572 1267 1786 1330 studui
1846 1276 1943 1350 et,
2007 1267 2310 1354 quicquid
2368 1269 2552 1352 igno-

411 1359 625 1423 rantia
682 1357 788 1420 uel
846 1356 1203 1440 fragilitate
1261 1355 1530 1442 deliqui,
1596 1378 1803 1442 aeque
1858 1354 1939 1420 ad
1992 1366 2145 1420 tuae
2200 1356 2556 1421 uoluntatis

414 1469 684 1512 examen
731 1468 884 1510 mox
931 1445 1274 1510 emendare
1321 1447 1583 1510 curaui'.
1678 1445 1982 1511 Incubuit
2043 1445 2343 1531 precibus
2388 1448 2552 1510 anti·

412 1547 542 1602 stes
589 1536 935 1622 statimque
983 1533 1246 1599 edoctus
1293 1537 1359 1598 in
1391 1536 1620 1620 spiritu
1652 1536 2010 1621 inpetrasse
2042 1556 2131 1618 se,
2165 1534 2336 1621 quod
2367 1543 2547 1620 pete-

412 1625 527 1690 bat
572 1647 612 1689 a
657 1624 944 1689 domino:
998 1621 1251 1708 ‘Surge'
1301 1625 1511 1708 inquit
1560 1623 1785 1688 ‘frater
1828 1626 1938 1706 mi,
1988 1631 2055 1688 et
2098 1623 2229 1687 noli
2274 1622 2551 1710 plorare,

411 1714 523 1780 sed
571 1712 809 1798 gaudio
857 1711 1089 1798 gaude,
1137 1715 1317 1799 quia,
1370 1712 1541 1798 quod
1587 1713 1993 1796 rogauimuS,
2043 1734 2319 1798 superna
2364 1712 2553 1777 nobis

410 1803 750 1869 clementia
795 1802 1100 1867 donauit’.

589 1891 786 1956 Cuius
855 1893 1152 1978 promissi
1199 1900 1265 1956 et
1310 1889 1690 1977 prophetiae
1735 1891 2078 1954 ueritatem
2125 1911 2401 1976 sequens
2446 1913 2548 1954 re-

408 2004 552 2046 rum
609 1981 884 2044 astruxit
944 1989 1243 2063 euentus3
1308 1981 1461 2065 quia
1522 1987 1588 2042 et
1644 1977 2078 2061 digredientes
2138 1978 2218 2042 ab
2266 1979 2544 2044 inuicem

409 2093 536 2135 non
587 2092 656 2134 se
703 2071 871 2134 ultra
918 2070 1335 2156 corporaliter
1382 2065 1698 2150 uiderunt,
1732 2066 1845 2132 sed
1877 2089 2003 2131 uno
2036 2065 2387 2149 eodemque
2420 2066 2543 2150 die,

409 2160 532 2225 hoc
581 2169 680 2225 est
725 2157 927 2223 XIII⁰
971 2156 1419 2223 Kalendarum
1464 2154 1821 2243 Aprilium,
1872 2156 2273 2241 egredientes
2322 2181 2358 2224 e
2405 2180 2545 2222 cor-

408 2272 567 2336 pore
613 2250 876 2335 spiritus
925 2270 1146 2311 eorum
1192 2270 1345 2310 mox
1395 2248 1587 2311 beata
1627 2247 1904 2311 inuicem
1938 2248 2186 2311 uisione
2220 2250 2545 2311 coniuncti

413 2347 560 2403 sunt
606 2349 802 2425 atque
848 2338 1140 2421 angelico
1187 2338 1541 2400 ministerio
1573 2336 1819 2421 pariter
1848 2334 1931 2398 ad
1963 2357 2237 2421 regnum
2271 2334 2547 2400 caeleste

409 2428 724 2492 translati.
820 2424 948 2490 Sed
1003 2423 1353 2489 Heriberct
1411 2424 1659 2489 diutina
1712 2426 1891 2510 prius
1937 2423 2312 2489 infirmitate
2359 2424 2543 2489 deco-

413 2518 657 2602 quitur3
705 2515 832 2599 illa,
884 2524 956 2578 ut
1001 2514 1306 2579 credibile
1353 2523 1471 2597 est,
1520 2513 1994 2599 dispensatione
2025 2511 2381 2577 dominicae
2412 2515 2545 2599 pie-

409 2607 584 2690 tatis,
631 2614 723 2688 ut,
773 2604 981 2690 siquid
1025 2606 1236 2667 minus
1281 2602 1549 2667 haberet
1594 2603 1809 2666 meriti
1853 2625 1892 2665 a
1932 2598 2121 2666 beato
2160 2600 2544 2685 CudberctO,

414 2695 741 2781 suppleret
783 2693 906 2757 hoc
951 2694 1277 2778 castigans
1324 2691 1557 2776 longae
1604 2690 2028 2777 aegritudinis
2074 2691 2281 2756 dolor:
2339 2694 2543 2777 quati-

413 2805 535 2846 nus
580 2790 890 2868 aequatus
937 2783 1150 2865 gratia
1197 2803 1310 2845 suo
1342 2782 1772 2862 intercessori,
1821 2781 1987 2844 sicut
2030 2802 2158 2844 uno
2191 2778 2545 2865 eodemque

412 2882 704 2957 tempore
752 2893 896 2935 cum
945 2894 1020 2935 eo
1069 2870 1148 2935 de
1197 2892 1467 2956 corpore
1514 2868 1757 2953 egredi,
1806 2870 1896 2933 ita
1943 2871 2138 2934 etiam
2184 2891 2313 2933 una
2352 2878 2547 2954 atque

414 2959 777 3024 indissimili
824 2957 975 3024 sede
1021 2969 1374 3046 perpetuae
1422 2956 1835 3024 beatitudinis
1881 2958 2223 3023 meruisset
2266 2960 2487 3045 recipi.

594 3045 776 3114 Obiit
836 3058 1052 3114 autem
1117 3058 1303 3135 pater
1346 3049 1904 3116 reuerentissimus
1950 3048 2015 3110 in
2061 3047 2267 3111 insula
2311 3046 2543 3127 Fame,

413 3138 690 3203 multum
736 3136 1114 3225 deprecatus
1161 3137 1415 3221 fratreS,
1464 3146 1535 3200 ut
1580 3136 1668 3201 ibi
1702 3157 1956 3222 quoque
1988 3136 2385 3224 sepeliretur,
2434 3136 2545 3199 ubi

412 3250 541 3292 non
586 3249 787 3314 paruo
835 3236 1124 3313 tempore
1170 3248 1288 3313 pro
1336 3225 1592 3291 domino
1638 3226 1960 3289 militaret.
2054 3224 2365 3289 Attamen
2408 3234 2545 3289 tan-

415 3316 561 3381 dem
611 3338 827 3381 eorum
878 3315 1178 3402 precibus
1224 3318 1435 3379 uictus
1466 3336 1797 3379 assensum
1829 3311 2025 3398 dedit,
2059 3324 2129 3377 ut
2160 3312 2241 3378 ad
2272 3312 2545 3377 insulam

414 3404 1037 3470 Lindisfarnensium
1103 3404 1344 3469 relatus
1392 3406 1455 3467 in
1504 3402 1773 3468 ecclesia
1818 3402 2263 3489 deponeretur.
2356 3399 2543 3480 Quod

414 3494 568 3559 dum
615 3494 859 3558 factum
907 3502 1095 3577 esset,
1141 3495 1581 3579 episcopatum
1632 3491 1941 3557 ecclesiae
1994 3490 2163 3555 illius
2208 3512 2373 3555 anno
2419 3512 2545 3555 uno

416 3584 719 3649 seruabat
763 3582 1153 3648 uenerabilis
1185 3584 1455 3646 antistes
1489 3580 1743 3664 Vilfrid,
1781 3579 1986 3645 donec
2019 3579 2386 3665 eligeretur,
2437 3582 2545 3666 qui

414 3695 531 3758 pro
579 3669 949 3736 Cudbercto
995 3673 1266 3736 antistes
1314 3668 1597 3735 ordinari
1646 3667 1925 3733 deberet.

595 3758 949 3825 Ordinatus
996 3769 1092 3825 est
1139 3768 1352 3825 autem
1400 3768 1547 3845 post
1590 3758 1751 3823 haec
1782 3756 2109 3823 Eadberct
2151 3758 2252 3821 uir
2282 3758 2545 3821 scientia

417 3845 778 3911 diuinarum
829 3849 1290 3935 scripturarum
1337 3849 1525 3913 simul
1557 3856 1622 3912 et
1651 3856 2141 3935 praeceptorum
2176 3845 2541 3911 caelestium

2685 369 2707 430 ⁴.

2702 469 2706 528 l
