2723 4326
416 220 545 285 116
2365 219 2462 274 111.
2499 220 2552 277 8.

416 393 722 480 Sexburg
782 417 945 460 uxor
1004 394 1471 463 Earconbercti
1533 398 1707 481 regis
1767 394 2264 463 cantuariorum
2323 397 2552 463 habuit

416 484 618 549 filiam
661 484 1164 571 Earcongotam‚
1212 484 1294 551 de
1342 508 1473 572 qua
1515 508 1736 551 sumus
1781 485 2031 552 dicturi.

590 572 803 639 Huius
862 582 1080 639 autem
1124 576 1397 659 uirginis
1443 574 1563 640 deo
1609 575 1860 641 dicatae
1905 574 2112 641 multa
2155 574 2415 661 quidem
2459 578 2546 641 ab

413 662 639 728 incolis
683 662 808 727 loci
852 664 1019 729 illius
1084 664 1292 729 solent
1363 686 1562 751 opera
1634 665 1949 730 uirtutum
1995 674 2060 729 et
2111 666 2301 749 signa
2357 666 2552 729 mira-

412 752 703 817 culorum
756 773 960 838 usque
1026 750 1216 817 hodie
1290 754 1560 821 narrari.
1652 752 1901 819 Verum
1958 775 2074 819 nos
2129 754 2210 819 de
2271 755 2554 819 transitu

412 850 669 906 tantum
714 840 902 924 illius,
955 863 1080 928 quo
1127 842 1432 909 caelestia
1476 864 1678 927 regna
1722 844 1929 929 petiit,
1978 841 2218 929 aliquid
2262 841 2554 909 breuiter

414 929 633 995 dicere
680 928 979 995 sufficiat.
1044 929 1410 997 Inminente
1439 953 1598 1015 ergo
1635 930 1738 997 die
1785 954 1941 997 suae
1985 932 2362 1016 uocationis,
2409 954 2554 999 coe-

414 1021 514 1105 pit
558 1020 830 1085 circuire
872 1021 940 1084 in
984 1022 1372 1085 monasterio
1427 1020 1675 1085 casulas
1720 1020 2119 1085 infirmarum
2166 1018 2410 1085 Christi
2455 1022 2550 1087 fa·

414 1107 763 1191 mularum,
826 1129 1176 1193 earumque
1232 1108 1339 1175 uel
1393 1110 1704 1193 maxime,
1767 1131 1932 1196 quae
1985 1110 2089 1175 uel
2147 1118 2362 1175 aetate
2406 1132 2554 1197 pro·

414 1206 644 1262 uectae
688 1196 795 1261 uel
838 1196 1162 1283 probitate
1218 1207 1402 1262 erant
1453 1220 1704 1262 morum
1759 1200 2162 1283 insigniores.
2257 1196 2554 1277 Quarum

416 1308 486 1351 se
534 1287 819 1351 omnium
866 1286 1165 1372 precibus
1209 1286 1538 1352 humiliter
1585 1285 2058 1372 commendans,
2107 1286 2354 1352 obitum
2402 1310 2553 1374 pro-

412 1376 590 1439 xime
636 1396 839 1457 suum,
890 1396 1082 1460 quem
1124 1375 1518 1441 reuelatione
1562 1373 1898 1458 didicerat,
1954 1398 2083 1440 non
2129 1376 2364 1442 celauit
2411 1400 2554 1443 esse

415 1464 722 1527 futurum.
815 1460 1029 1541 Quam
1091 1464 1396 1530 uidelicet
1452 1464 1912 1530 reuelationem
1981 1464 2345 1530 huiusmodi
2411 1488 2555 1531 esse

414 1550 828 1639 perhibebat:
876 1550 1115 1617 uidisse
1147 1576 1215 1619 se
1246 1554 1608 1618 albatorum
1645 1563 1976 1619 cateruam
2019 1554 2350 1621 hominum
2380 1554 2557 1621 idem

416 1642 877 1706 monasterium
901 1642 1179 1726 intrare;
1227 1641 1472 1729 hosque
1501 1666 1544 1707 a
1571 1665 1642 1707 se
1672 1645 2125 1728 interrogatos,
2173 1642 2327 1729 quid
2360 1666 2555 1730 quae·

412 1740 633 1795 rerent
680 1740 791 1795 aut
838 1727 991 1815 quid
1039 1730 1129 1796 ibi
1174 1732 1434 1815 uellent,
1481 1729 1906 1817 respondisse,
1957 1732 2131 1818 quod
2174 1733 2256 1797 ob
2289 1732 2411 1797 hoe
2441 1734 2554 1798 illo

416 1821 659 1885 fuerint
702 1818 1031 1903 destinati,
1090 1828 1163 1884 ut
1206 1842 1474 1885 aureum
1518 1819 1676 1884 illud
1720 1823 2065 1907 nomisma,
2131 1820 2300 1907 quod
2346 1844 2424 1887 eo
2473 1823 2556 1889 de

416 1907 653 1973 Cantia
712 1917 1009 1993 uenerat,
1074 1931 1291 1973 secum
1352 1920 1772 1974 assumerent.
1865 1910 2019 1997 Ipsa
2062 1920 2282 1976 autem
2340 1920 2554 1995 nocte,

414 1998 485 2063 in
530 1998 709 2061 cuius
756 1998 983 2062 ultima
1026 2008 1231 2083 parte,
1280 1996 1346 2062 id
1379 2008 1478 2063 est
1511 2000 1860 2085 incipiente
1895 2021 2149 2081 aurora,
2195 2002 2556 2086 praesentis

416 2084 637 2152 mundi
682 2086 985 2152 tenebras
1041 2089 1359 2151 transiens
1428 2109 1776 2175 supernam
1842 2088 2150 2174 migrauit
2195 2089 2276 2154 ad
2321 2088 2557 2175 lucem,

416 2177 605 2242 multi
650 2175 733 2242 de
780 2176 1087 2242 fratribus
1137 2176 1425 2242 eiusdem
1471 2178 1866 2262 monasterii,
1915 2180 2027 2264 qui
2073 2179 2212 2244 aliis
2259 2189 2444 2244 erant
2491 2183 2558 2244 in

416 2265 705 2348 aedibus,
739 2267 869 2330 iam
900 2265 1242 2331 manifeste
1266 2289 1335 2331 se
1358 2274 1702 2330 concentus
1734 2267 2111 2351 angelorum
2141 2269 2558 2354 psallentium

416 2353 673 2420 audisse
719 2354 1111 2440 referebant,
1160 2354 1271 2420 sed
1318 2362 1384 2420 et
1431 2356 1708 2420 sonitum
1757 2357 1940 2440 quasi
1984 2355 2300 2442 plurimae
2346 2359 2562 2424 multi-

416 2444 658 2509 tudinis
718 2445 1182 2508 monasterium
1242 2441 1693 2528 ingredientis;
1756 2443 1925 2509 unde
1971 2468 2124 2509 mox
2171 2448 2421 2531 egressi
2465 2445 2560 2511 di-

418 2555 754 2618 gnoscere,
823 2531 977 2618 quid
1020 2543 1217 2616 esset,
1288 2531 1590 2598 uiderunt
1652 2533 1864 2598 lucem
1925 2533 2190 2599 caelitus
2255 2536 2564 2601 emissam

417 2623 617 2688 fuisse
677 2623 1175 2708 permaximam,
1237 2643 1403 2707 quae
1461 2631 1748 2686 sanctam
1794 2621 1972 2686 illam
2017 2625 2303 2688 animam
2351 2627 2564 2690 carnis

418 2711 689 2776 uinculis
752 2710 1117 2775 absolutam
1184 2709 1266 2773 ad
1321 2720 1587 2775 aeterna
1645 2712 1894 2797 patriae
1952 2712 2245 2778 caelestis
2322 2714 2567 2796 gaudia

420 2799 718 2863 ducebat.
802 2796 1069 2863 Addunt
1116 2808 1181 2864 et
1227 2798 1372 2883 alia,
1422 2820 1590 2885 quae
1635 2801 1776 2885 ipsa
1819 2809 2008 2865 nocte
2053 2801 2120 2866 in
2167 2805 2563 2868 monasterio

421 2887 651 2952 eodem
696 2885 1003 2953 diuinitus
1061 2887 1301 2953 fuerint
1361 2897 1620 2953 ostensa
1679 2889 2016 2972 miracula3
2080 2890 2195 2955 sed
2239 2889 2402 2956 haec
2445 2913 2566 2956 nos

419 2975 508 3040 ad
566 2977 695 3041 alia
756 2974 1095 3042 tendentes
1156 2979 1287 3042 suis
1346 2998 1611 3042 narrare
1669 2979 2123 3063 permittimus.
2219 2976 2570 3065 Sepultum

422 3074 523 3132 est
581 3073 798 3130 autem
854 3087 1085 3152 corpus
1144 3065 1516 3132 uenerabile
1568 3066 1839 3152 uirginis
1889 3075 1954 3131 et
2000 3090 2273 3154 sponsae
2321 3067 2570 3134 Christi

420 3157 490 3220 in
538 3155 809 3219 ecclesia
854 3154 1029 3220 beati
1074 3157 1572 3242 protomartyris
1611 3153 1952 3242 Stephani3
2001 3157 2373 3244 placuitque
2421 3169 2574 3246 post

417 3243 594 3310 diem
627 3246 912 3326 tertium,
960 3253 1032 3308 ut
1062 3244 1246 3330 lapis,
1294 3266 1423 3329 quo
1456 3253 1946 3310 monumentum
1975 3245 2340 3330 tegebatur,
2388 3270 2568 3313 amo-

420 3342 685 3398 ueretur
745 3341 811 3397 et
873 3331 1063 3398 altius
1121 3335 1260 3418 ipso
1314 3335 1384 3396 in
1440 3333 1580 3398 loeo
1647 3343 2095 3420 reponeretur3
2169 3336 2341 3421 quod
2408 3336 2569 3403 dum

421 3420 637 3506 fieret,
702 3429 923 3486 tantae
980 3421 1329 3506 flagrantia
1389 3423 1724 3486 suauitatis
1770 3421 1852 3486 ab
1899 3423 2045 3488 imis
2100 3423 2426 3510 ebulliuit,
2493 3436 2570 3491 ut

422 3512 691 3596 cunctis,
741 3513 852 3596 qui
906 3510 1268 3594 adstabant,
1321 3509 1634 3577 fratribus
1678 3533 1756 3575 ac
1802 3512 2128 3578 sororibus
2175 3515 2363 3600 quasi
2411 3537 2566 3601 opo-

421 3598 695 3664 balsami
742 3599 1001 3664 cellaria
1046 3622 1188 3663 esse
1232 3597 1605 3664 uiderentur
1648 3609 1895 3686 aperta.

604 3686 735 3755 Sed
782 3697 848 3752 et
894 3697 1281 3753 martertera
1329 3688 1486 3771 eius,
1536 3687 1616 3754 de
1661 3710 1791 3775 qua
1835 3687 2115 3754 diximus
2132 3739 2148 3770 ,
2203 3689 2572 3778 Aedilberg

424 3783 495 3838 et
550 3777 693 3862 ipsa
752 3776 873 3840 deo
934 3774 1237 3843 dilectam
1295 3786 1648 3863 perpetuae
1708 3779 2103 3863 uirginitatis
2162 3780 2442 3864 gloriam
2499 3784 2572 3847 in

427 3885 667 3949 magna
712 3866 997 3950 corporis
1045 3866 1441 3930 continentia
1487 3870 1924 3932 conseruauit:
1972 3889 2142 3954 quae
2180 3871 2362 3934 euius
2395 3881 2572 3937 esset
