2723 4326
397 158 482 223 54
2230 158 2277 210 Ι.
2315 158 2534 214 31—32.

575 332 809 398 Restat
863 334 1114 419 itaque,
1182 332 1386 397 frater
1440 333 1803 416 carissime,
1868 341 1943 398 ut
1986 336 2155 399 inter
2200 355 2307 418 ea,
2380 355 2537 420 quae

399 431 705 508 operante
752 421 1008 487 domino
1063 423 1346 487 exterius
1400 421 1590 504 facis,
1660 444 1919 509 semper
1960 431 2029 487 te
2075 425 2348 487 interius
2398 423 2537 488 sub·

396 512 597 577 tiliter
658 509 904 576 iudices
967 534 1044 576 ac
1103 511 1429 576 subtiliter
1492 510 1862 596 intellegas,
1932 520 2001 577 et
2061 520 2267 577 temet
2330 513 2542 598 ipsum

397 602 539 687 quis
585 603 691 685 sis,
739 608 808 666 et
853 608 1095 687 quanta
1141 602 1226 664 sit
1269 602 1338 664 in
1384 599 1613 664 eadem
1658 610 1855 686 gente
1900 603 2136 686 gratia,
2194 623 2314 687 pro
2364 603 2543 666 cuius

397 692 815 755 conuersione
846 692 1046 754 etiam
1089 688 1533 754 faciendorum
1578 691 1913 774 signorum
1956 689 2125 754 dona
2169 691 2541 778 percepisti.

396 779 485 843 Et
530 780 586 842 si
633 779 885 865 quando
932 787 1000 844 te
1045 780 1320 843 creatori
1366 788 1588 842 nostro
1636 800 1749 843 seu
1784 801 1905 865 per
1933 779 2227 865 linguam
2258 781 2403 844 siue
2436 802 2545 866 per

399 890 597 954 opera
639 869 1074 933 reminisceris
1120 866 1486 954 deliquisse,
1535 889 1793 953 semper
1837 867 1997 932 haec
2042 867 2127 933 ad
2163 870 2546 934 memoriam

398 978 661 1021 reuoces
674 1006 693 1040 ,
759 965 831 1020 ut
893 967 1270 1042 surgentem
1336 955 1549 1021 cordis
1618 957 1893 1041 gloriam
1952 959 2266 1022 memoria
2329 967 2547 1024 reatus

398 1055 668 1133 premat.
761 1046 851 1111 Et
909 1043 1221 1132 quidquid
1280 1043 1361 1111 de
1420 1045 1732 1110 faciendis
1792 1048 1995 1131 signis
2053 1049 2385 1132 acceperis
2449 1047 2551 1112 uel

399 1137 735 1222 accepisti,
805 1135 966 1200 haec
1019 1157 1150 1201 non
1201 1135 1322 1200 tibi
1333 1185 1352 1219 ,
1420 1133 1535 1199 sed
1587 1134 1716 1199 illis
1772 1133 2041 1222 deputes
2096 1134 2365 1222 donata,
2436 1159 2548 1224 pro

400 1245 670 1310 quorum
719 1224 840 1290 tibi
885 1225 1094 1290 salute
1139 1224 1375 1289 collata
1419 1224 1609 1288 sunt.'

1416 1457 1524 1523 32.

677 1613 758 1670 vt
791 1612 1190 1669 Aedilbercto
1226 1614 1369 1682 regi
1405 1613 1666 1669 litteras
1704 1613 1773 1669 et
1808 1613 1968 1669 dona
2004 1613 2278 1669 miserit.

577 1757 760 1822 Misit
805 1758 978 1823 idem
1034 1758 1264 1823 beatus
1318 1780 1490 1845 papa
1543 1755 1907 1844 Gregorius
1967 1756 2195 1823 eodem
2252 1768 2549 1846 tempore

403 1847 598 1913 etiam
621 1849 764 1932 regi
781 1845 1208 1912 Aedilbercto
1256 1848 1617 1933 epistulam,
1660 1848 1851 1912 simul
1882 1856 1948 1912 et
1978 1847 2193 1912 dona
2175 1870 2244 1912 1n
2274 1847 2545 1913 diuersis

401 1935 741 2022 speciebus
774 1937 1109 2023 perplura:
1155 1936 1621 2041 temporalibus
1655 1959 1911 2023 quoque
1941 1935 2291 2002 honoribus
2320 1959 2548 2022 regem

401 2024 770 2110 glorificare
829 2035 1162 2111 satagens,
1233 2027 1338 2090 cui
1399 2025 1646 2111 gloriae
1706 2025 2000 2091 caelestis
2055 2048 2170 2090 suo
2213 2025 2442 2092 labore
2488 2035 2549 2091 et

401 2114 718 2180 industria
759 2116 1059 2180 notitiam
1103 2116 1479 2203 prouenisse
1524 2112 1870 2201 gaudebat.
1932 2113 2289 2202 Exemplar
2327 2125 2549 2182 autem

399 2204 736 2291 praefatae
785 2204 1096 2292 epistulae
1142 2204 1266 2269 hoc
1311 2212 1437 2269 est:

582 2293 885 2358 ‘Domino
953 2294 1415 2379 gloriosissimo
1481 2302 1677 2380 atque
1743 2292 2360 2381 praecellentissimo
2420 2292 2549 2359 filio

393 2381 813 2448 Aedilbercto
860 2385 1003 2468 regi
1046 2380 1413 2468 Anglorum
1460 2381 1821 2467 Gregorius
1869 2384 2228 2469 episcopus

573 2471 852 2559 Propter
897 2470 1020 2535 hoc
1064 2473 1474 2558 omnipotens
1521 2471 1682 2537 deus
1727 2472 1932 2537 bonos
1978 2493 2268 2557 quosque
2314 2470 2402 2537 ad
2442 2494 2551 2557 po·

396 2560 693 2648 pulorum
740 2562 1059 2646 regimina
1151 2561 1425 2644 erducit,
1490 2571 1561 2625 ut
1606 2583 1725 2648 per
1770 2583 1879 2626 eos
1927 2560 2252 2644 omnibus,
2316 2561 2551 2647 quibus

395 2650 671 2736 praelati
734 2650 1006 2734 fuerint,
1124 2671 1248 2715 ona
1294 2672 1447 2716 suae
1492 2651 1752 2736 pietatis
1796 2648 2150 2737 impendat.
2245 2649 2442 2729 Quod
2488 2652 2553 2714 in

400 2736 764 2823 Anglorum
822 2749 1020 2824 gente
1077 2737 1323 2803 factum
1381 2741 1829 2824 cognouimus‚
1901 2740 2004 2804 cui
2063 2748 2285 2803 uestra
2343 2740 2556 2825 gloria

401 2824 641 2891 idcirco
689 2836 788 2891 est
831 2829 1219 2914 praeposita,
1282 2837 1356 2892 ut
1402 2851 1520 2915 per
1565 2829 1753 2912 bona,
1804 2850 1970 2914 quae
2012 2827 2198 2893 uobis
2245 2850 2555 2893 concessa

403 2924 568 2999 sunt,
619 2918 816 2983 etiam
861 2917 1186 2982 subiectae
1234 2918 1418 2982 uobis
1466 2919 1645 3002 genti
1693 2938 1975 3003 superna
2018 2915 2336 2981 beneficia
2367 2940 2556 3004 prae-

405 3013 746 3069 starentur.
839 3005 931 3069 Et
974 3005 1150 3088 ideo,
1217 3006 1496 3090 gloriose
1555 3006 1675 3088 fili,
1740 3028 1913 3088 eam,
1982 3028 2175 3092 quam
2223 3008 2555 3094 accepisti,

404 3093 712 3159 diuinitus
788 3096 1068 3179 gratiam
1115 3094 1391 3159 sollicita
1464 3105 1686 3161 mente
1755 3094 2043 3174 custodi,
2117 3092 2556 3161 Christianam

401 3184 596 3249 fidem
654 3186 722 3248 in
776 3184 1032 3270 populis
1087 3184 1204 3249 tibi
1259 3184 1533 3249 subditis
1590 3183 1942 3249 extendere
2003 3144 2270 3269 f'estina,
2344 3185 2556 3250 zelum

403 3272 805 3338 rectitudinis
852 3282 1004 3338 tuae
1048 3274 1117 3338 in
1164 3296 1391 3338 eorum
1439 3274 1857 3339 conuersione
1912 3272 2294 3359 multiplica,
2359 3274 2557 3339 idolo·

405 3383 549 3426 rum
596 3362 800 3427 cultus
847 3364 1216 3449 insequere,
1272 3362 1572 3427 fanorum
1618 3359 1913 3428 aedificia
1956 3370 2209 3446 euerte,
2267 3363 2554 3429 subdito-

406 3472 552 3515 rum
627 3472 838 3516 mores
921 3474 1004 3516 ex
1092 3472 1330 3535 magna
1417 3453 1593 3516 uitae
1686 3450 2031 3535 munditia,
2130 3450 2551 3536 exhortand0,

406 3538 735 3624 terrendo,
784 3538 1200 3625 blandiendo,
1251 3540 1635 3625 corrigendo
1682 3550 1747 3605 et
1791 3541 1945 3605 boni
1990 3542 2207 3626 operis
2254 3543 2557 3630 exempla

407 3626 818 3693 monstrando
881 3627 1178 3695 aedifica.
1245 3639 1318 3693 ut
1376 3630 1557 3695 illum
1617 3630 2075 3694 retributorem
2134 3630 2433 3695 inuenias
2493 3633 2555 3695 in

410 3714 607 3799 cae10,
656 3717 834 3781 cuius
863 3739 1100 3783 nomen
1130 3727 1328 3805 atque
1376 3720 1809 3804 cognitionem
1857 3718 2277 3783 dilataueris'
2258 3741 2324 3782 in
2360 3730 2551 3785 terra.

409 3804 563 3890 Ipse
610 3806 780 3869 enim
825 3816 1080 3869 uestrae
1129 3828 1382 3892 quoque
1437 3808 1679 3892 gloriae
1733 3828 1965 3872 nomen
2025 3808 2220 3872 etiam
2277 3812 2555 3894 posteris
