2723 4326
94 226 280 282 1111.
322 226 408 280 25.
1461 228 1467 237 ’
2173 228 2301 291 213

104 400 391 467 stando
450 402 518 465 in
574 403 873 489 precibus
940 423 1286 489 peragere,
1358 404 1414 466 si
1481 404 1805 487 integram
1876 404 2303 490 septimanam

101 492 385 556 iubeas
447 490 829 556 abstinendo
889 492 1291 577 transigere.’
1387 488 1516 569 Qui
1571 489 1760 556 dixit:
1834 490 2134 556 ‘Multum
2183 503 2300 577 est,

106 590 205 645 ut
242 589 403 661 ,tota
435 581 795 667 septimana
824 580 1070 667 absque
1116 581 1420 645 alimento
1469 582 1754 667 corporis
1801 581 2140 667 perdures3
2189 579 2302 647 sed

104 669 513 735 biduanum
543 670 648 734 uel
693 668 1061 735 triduanum
1092 679 1192 735 sat
1226 678 1324 735 est
1373 669 1718 735 obseruare
1763 671 2090 735 ieiunium.
2156 671 2303 735 Hoc

108 760 357 825 facito
367 809 387 843 ,
450 756 653 823 donec
697 768 844 846 post
888 757 1210 825 modicum
1258 768 1512 847 tempus
1558 758 1812 824 rediens
1857 759 1940 825 ad
1983 770 2076 845 te,
2150 759 2304 845 quid

110 850 377 913 facere
424 846 664 913 debeas
711 857 776 912 et
822 847 1125 935 quamdiu
1172 849 1607 935 paenitentiae
1661 850 1959 914 insistere
2005 849 2126 913 tibi
2171 850 2302 935 ple-

105 939 299 1002 nius
361 936 739 1002 ostendam.’
830 936 1082 1016 Quibus
1136 937 1320 1003 dictis
1370 946 1435 1003 et
1481 934 1804 1024 descripta
1847 938 1942 1002 illi
2001 960 2304 1004 mensura

114 1026 551 1114 paenitendi,
608 1026 769 1091 abiit
814 1025 1132 1111 sacerdos,
1205 1036 1270 1091 et
1315 1028 1663 1112 ingruente
1710 1048 1904 1091 causa
1949 1027 2162 1091 subita
2207 1050 2302 1093 se·

116 1117 353 1180 cessit
381 1114 786 1201 Hiberniam,
834 1114 1005 1181 unde
1052 1118 1368 1201 originem
1413 1113 1706 1201 duxerat,
1753 1137 1962 1202 neque
2008 1115 2179 1181 ultra
2219 1116 2301 1181 ad

122 1228 303 1269 eum
353 1206 534 1267 iuxta
580 1226 765 1268 suum
814 1202 1180 1270 condictum
1222 1203 1440 1269 rediit.
1505 1205 1598 1270 At
1641 1206 1782 1291 ipse
1826 1226 2074 1271 memor
2117 1226 2301 1291 prae-

120 1294 334 1381 cepti
381 1295 517 1359 eius
572 1294 761 1358 simul
793 1303 858 1359 et
902 1295 1199 1381 promissi
1244 1296 1343 1359 sui
1390 1302 1598 1358 totum
1647 1317 1714 1359 se
1758 1294 2039 1359 lacrimis
2083 1296 2300 1381 paeni-

124 1384 423 1467 tentiae,
470 1382 711 1466 uigiliis
758 1385 995 1447 sanctis
1044 1393 1109 1448 et
1158 1385 1591 1449 continentiae
1637 1383 2059 1470 mancipauit3
2107 1385 2200 1449 ita
2230 1394 2302 1447 ut

125 1475 385 1560 quinta
417 1472 622 1536 solum
656 1470 907 1537 sabbati
941 1482 1005 1538 et
1037 1470 1379 1556 dominica,
1427 1474 1594 1537 sicut
1623 1470 1936 1559 praedixi,
1983 1472 2300 1556 reficeret,

130 1562 393 1627 ceteris
450 1560 844 1647 septimanae
901 1560 1123 1626 diebus
1179 1563 1432 1626 ieiunus
1485 1570 1912 1648 permaneret.
2007 1559 2300 1647 Cumque

128 1647 566 1715 sacerdotem
613 1672 799 1714 suum
840 1650 1228 1715 Hiberniam
1274 1654 1616 1715 secessisse
1660 1648 1880 1736 ibique
1926 1649 2302 1715 defunctum

133 1762 297 1805 esse
366 1737 676 1823 audisset,
748 1760 1005 1827 semper
1060 1761 1145 1804 ex
1202 1760 1279 1804 eo
1336 1748 1631 1826 tempore
1683 1740 1866 1804 iuxta
1936 1738 2299 1804 condictum

132 1829 289 1894 eius
358 1836 815 1913 memoratum,
894 1828 1321 1894 continentiae
1390 1824 1652 1892 modum
1719 1827 2133 1912 obseruabat3
2213 1836 2298 1912 et,

138 1917 331 2005 quod
388 1937 582 1981 causa
638 1915 840 1982 diuini
894 1918 1145 1982 timoris
1200 1916 1403 1982 semel
1449 1916 1531 1981 ob
1576 1926 1825 1981 reatum
1880 1926 2300 2003 compunctus

138 2016 486 2093 coeperat,
536 2007 665 2070 iam
714 2028 907 2071 causa
955 2005 1153 2071 diuini
1200 2006 1436 2071 amoris
1483 2004 1840 2070 delectatus
1885 2008 2186 2093 praemiis
2208 2007 2301 2069 in-

140 2096 449 2161 defessus
496 2094 755 2181 agebat.

336 2182 526 2262 Quod
558 2185 711 2250 dum
742 2184 943 2251 multo
982 2193 1273 2271 tempore
1320 2183 1578 2250 sedulus
1627 2194 2106 2270 exsequeretur,
2155 2206 2298 2249 con-

138 2275 307 2360 tigit
343 2295 495 2339 eum
527 2272 631 2338 die
664 2273 944 2360 quadam
976 2275 1055 2339 de
1086 2276 1473 2339 monasterio
1505 2273 1612 2338 illo
1642 2272 1896 2358 longius
1943 2295 2294 2359 egressum,

142 2365 507 2429 comitante
554 2385 771 2428 secum
803 2385 929 2429 uno
963 2363 1043 2428 de
1088 2363 1418 2447 fratribus,
1467 2371 1731 2450 peracto
1776 2364 2008 2429 itinere
2054 2363 2295 2428 redire:

144 2455 261 2538 qui
314 2473 464 2518 cum
509 2453 900 2517 monasterio
945 2453 1455 2539 propinquarent
1502 2461 1566 2518 et
1611 2450 1906 2518 aedificia
1949 2451 2118 2516 illius
2151 2452 2294 2516 sub-

144 2542 403 2607 limiter
449 2550 666 2606 erecta
711 2543 1105 2628 aspicerent,
1164 2541 1405 2605 solutus
1451 2551 1548 2606 est
1593 2542 1661 2605 in
1705 2541 2002 2606 lacrimas
2047 2543 2150 2604 uir
2195 2538 2299 2605 dei

148 2640 217 2696 et
261 2631 603 2695 tristitiam
650 2630 859 2694 cordis
905 2631 1088 2694 uultu
1132 2629 1344 2695 indice
1389 2628 1724 2718 prodebat.
1811 2629 1998 2708 Quod
2041 2632 2298 2695 intuens

151 2741 393 2805 comes,
443 2741 643 2805 quare
688 2719 953 2801 faceret,
1002 2721 1349 2805 inquisiuit.
1428 2716 1520 2783 At
1565 2719 1701 2784 ille:
1753 2716 2043 2784 ‘Cuncta'
2089 2720 2298 2805 inquit

153 2807 369 2894 ‘haec,
419 2829 586 2894 quae
632 2810 869 2892 cernis,
919 2807 1213 2874 aedificia
1258 2809 1528 2896 puplica
1563 2808 1668 2874 uel
1712 2810 1995 2895 priuata,
2042 2810 2108 2872 in
2156 2831 2298 2895 pro-

154 2900 331 2962 ximo
366 2909 485 2982 est,
532 2907 605 2962 ut
634 2899 804 2983 ignis
852 2897 1195 2963 absumens
1241 2899 1308 2962 in
1340 2900 1620 2962 cinerem
1669 2897 2044 2964 conuertat.'
2108 2895 2298 2976 Quod

154 2985 279 3060 ille,
312 2984 596 3072 audiens,
646 3008 798 3052 mox
844 2995 916 3051 ut
960 2988 1363 3052 intrauerunt
1409 2988 1888 3071 monasterium,
1937 2989 2128 3052 matri
2153 3009 2298 3052 con-

159 3077 556 3160 gregationis
617 3076 929 3142 uocabulo
976 3074 1279 3157 Aebbae,
1344 3077 1596 3140 curauit
1653 3076 1955 3141 indicare.
2048 3075 2143 3140 At
2188 3076 2300 3139 illa

158 3166 388 3228 merito
437 3166 695 3231 turbata
741 3163 821 3230 de
865 3165 983 3230 tali
1028 3166 1371 3253 praesagio
1416 3165 1676 3229 uocauit
1720 3163 1805 3231 ad
1836 3187 1905 3230 se
1948 3167 2181 3248 uirum,
2233 3173 2298 3228 et

163 3249 528 3338 diligentius
573 3256 657 3321 ab
703 3277 779 3319 eo
824 3276 992 3337 rem,
1054 3255 1156 3320 uel
1200 3253 1372 3320 unde
1416 3253 1541 3319 hoc
1584 3255 1722 3342 ipse
1777 3264 2022 3338 nosset,
2086 3255 2294 3338 inqui·

163 3342 364 3411 rebat.
456 3341 584 3421 Qui
630 3344 747 3408 ait:
800 3343 1047 3430 ‘Nuper
1092 3353 1440 3430 occupatus
1485 3353 1682 3408 noctu
1725 3343 1968 3429 uigiliis
2014 3351 2080 3408 et
2125 3341 2293 3429 psal-

166 3431 284 3494 mis
328 3429 462 3496 uidi
507 3431 872 3499 adstantem
918 3430 1075 3497 mihi
1108 3431 1318 3497 subito
1352 3432 1673 3519 quendam
1703 3433 2015 3516 incogniti
2048 3431 2292 3496 uultus:

168 3519 339 3584 cuius
408 3523 771 3607 praesentia
839 3543 985 3587 cum
1048 3542 1256 3587 essem
1325 3522 1702 3607 exterritus,
1768 3520 1931 3585 dixit
1971 3519 2149 3603 mihi,
2213 3543 2296 3584 ne

168 3608 482 3694 timerem3
552 3619 617 3675 et
676 3613 860 3697 quasi
920 3610 1221 3675 familiari
1280 3633 1387 3676 me
1448 3633 1606 3675 uoce
1690 3609 2018 3697 alloquens
2093 3609 2296 3675 ‘Bene

171 3694 364 3778 facis‚’
437 3701 644 3785 inquit
720 3700 850 3786 ‘qui
913 3708 1203 3786 tempore
1248 3701 1371 3764 isto
1448 3707 1800 3766 nocturnae
1869 3700 2102 3787 quietis
2166 3719 2296 3764 non

174 3805 385 3850 somno
460 3787 829 3874 indulgere,
907 3786 1023 3854 sed
1096 3789 1337 3874 uigiliis
1405 3799 1470 3854 et
1533 3789 1928 3855 orationibus
1997 3789 2294 3854 insistere

174 3873 479 3942 maluisti.'
571 3876 664 3942 At
731 3899 854 3962 ego
934 3875 1146 3942 ‘Noui’
1236 3877 1447 3965 inquit
1538 3877 1832 3944 ‘multum
1917 3877 2076 3944 mihi
2153 3899 2296 3942 esse
