2723 4326
380 182 506 244 126
2286 178 2381 235 ΠΙ.
2422 180 2536 235 14„

421 356 707 441 raecepit
751 377 791 419 a
834 356 995 439 loc0,
1067 357 1178 442 qui
1221 362 1492 419 uocatur
1524 353 1995 441 Vilfaraesdun,
2064 356 2134 422 id
2180 365 2280 421 est
2322 378 2518 421 mons

375 380 640 528 Isilfari,
691 454 758 510 et
801 454 902 509 est
944 467 986 509 a
1028 446 1172 511 uico
1220 442 1649 509 Cataractone
1694 444 1765 510 X
1808 444 2017 510 ferme
2060 445 2317 510 milibus
2362 467 2512 532 pas-

377 556 564 599 suum
613 543 836 599 contra
887 535 1311 599 solistitialem
1377 554 1676 598 occasum
1718 542 2036 599 secretus:
2114 532 2527 621 diuertitqu&

373 625 516 710 ips-e
561 644 708 687 cum
731 644 856 687 uno
903 632 1156 687 tantum
1200 624 1406 688 milite
1452 623 1577 687 sibi
1620 620 1952 705 fidissimo,
2000 624 2257 687 nomine
2289 622 2508 688 Tond-

374 712 540 795 heri,
589 712 888 778 celandus
931 714 998 777 in
1042 713 1305 777 domum
1350 712 1603 776 comitis
1648 710 2008 795 Hunualdi,
2066 734 2257 798 quem
2304 713 2504 777 etiam

373 803 586 889 ipsum
633 800 757 865 sibi
800 802 1259 867 amicissimum
1305 801 1701 867 autumabat.
1768 798 1901 866 Sed
1938 800 2085 886 heu,
2134 823 2252 887 pro
2298 802 2525 867 dolori.

373 891 568 976 longe
623 890 814 955 aliter
871 900 1036 955 erat:
1098 912 1250 955 nam
1295 889 1381 954 ab
1428 890 1656 955 eodem
1702 892 1938 954 comite
1982 888 2309 976 proditum
2354 912 2514 955 eum

378 976 586 1045 Osuiu
640 1001 786 1043 cum
840 979 1133 1065 praefato
1187 980 1389 1065 ipsius
1443 979 1648 1044 milite
1701 1000 1818 1065 per
1871 978 2275 1065 praefectum
2320 1001 2518 1044 suum

374 1068 749 1133 Ediluinum
808 1067 1184 1133 detestanda
1245 1068 1540 1133 omnibus
1602 1076 1811 1131 morte
1878 1068 2223 1133 interfecit.
2318 1066 2519 1147 Quod

375 1158 618 1223 factum
687 1166 784 1221 est
850 1156 954 1221 die
999 1154 1198 1223 XIII.
1245 1154 1688 1221 Kalendarum
1748 1156 2230 1243 Septembrium
2248 1206 2267 1240 ,
2336 1180 2525 1222 anno*

374 1248 561 1331 regni
607 1246 742 1309 eius
787 1267 986 1329 non0,
1048 1247 1114 1310 in
1170 1247 1341 1330 loco,
1404 1248 1515 1332 qui
1572 1245 1807 1311 dicitur
1848 1244 2324 1331 Ingetlingum3
2392 1248 2526 1312 ubi.

374 1333 802 1422 postmodum,
837 1334 1196 1419 castigandi
1226 1334 1414 1401 huius
1446 1334 1749 1401 facinoris
1781 1337 2011 1419 gratia,
2044 1336 2511 1401 monasterium

376 1431 811 1489 constructum
859 1432 982 1490 est:
1053 1425 1118 1488 in
1166 1446 1290 1510 quo
1353 1445 1471 1510 pro
1530 1425 1865 1510 utriusque
1924 1425 2125 1509 regis,
2189 1432 2254 1488 et
2310 1426 2513 1489 occisi

375 1512 677 1577 uidelicet
722 1520 788 1575 et
833 1514 996 1597 eius,
1045 1514 1156 1599 qui
1202 1512 1495 1578 occidere
1539 1514 1752 1595 iussit,
1814 1514 2065 1578 animae
2109 1511 2528 1578 redemtione-

377 1599 612 1667 cotidie
658 1599 915 1666 domino
960 1623 1182 1688 preces
1230 1602 1445 1667 offerri
1490 1600 1819 1667 deberent.

551 1689 715 1755 Erat
760 1700 978 1755 autem
1022 1714 1140 1755 rex
1187 1690 1419 1757 Osuini
1466 1701 1531 1756 et
1578 1701 1845 1777 aspectu
1890 1699 2217 1773 uenustus,
2266 1699 2332 1755 et
2378 1699 2506 1755 sta-

375 1788 522 1845 tura
567 1778 884 1863 sublimis,
947 1787 1013 1844 et
1057 1782 1258 1845 affatu
1301 1780 1646 1859 iucundus,
1703 1788 1770 1844 et
1814 1780 2100 1844 moribus
2146 1779 2379 1860 ciuilis,
2438 1790 2525 1845 et.

375 1890 570 1933 manu
615 1869 936 1952 omnibus,
993 1867 1059 1932 id
1107 1880 1204 1935 est
1249 1868 1570 1934 nobilibus
1618 1869 1806 1933 simul
1851 1877 2047 1954 atque
2092 1868 2507 1954 ignobilibus,

373 1956 621 2042 largus:
681 1956 853 2022 unde
911 1959 1208 2043 contigit,
1271 1968 1344 2023 ut
1403 1958 1487 2022 ob
1546 1959 1797 2043 regiam
1860 1958 1996 2023 eius
2058 1966 2125 2021 et
2182 1958 2379 2021 animi
2438 1967 2525 2022 et.

374 2046 586 2111 uultus
634 2054 698 2110 et
744 2048 1120 2111 meritorum
1177 2046 1567 2132 dignitatem
1620 2047 1700 2112 ab
1757 2046 2051 2111 omnibus
2108 2045 2526 2132 diligeretur,

376 2145 442 2201 et
485 2135 766 2222 undique
811 2135 895 2201 ad
925 2137 1061 2201 eius
1106 2135 1534 2203 ministerium
1580 2134 1661 2202 de
1707 2138 1952 2202 cunctis
2000 2156 2201 2223 prope
2246 2136 2508 2223 prouin—

373 2227 464 2290 cis
509 2227 634 2290 uiri
679 2227 877 2290 etiam
921 2225 1302 2290 nobilissimi
1371 2235 1845 2291 concurrerent.
1940 2223 2137 2288 Cuius
2182 2227 2353 2290 inter
2400 2247 2507 2290 ce-

371 2324 545 2379 teras
605 2316 862 2379 uirtutis
923 2324 989 2380 et
1044 2312 1426 2396 modestiae,
1490 2324 1582 2399 et,
1642 2325 1716 2379 ut
1760 2317 1856 2379 ita
1900 2313 2144 2398 dicam,
2206 2314 2515 2400 specialis

371 2403 834 2468 benedictionis
865 2403 1105 2488 glorias
1137 2405 1330 2468 etiam
1361 2405 1647 2469 maxima
1676 2403 1873 2469 fuisse
1904 2404 2111 2468 fertur
2154 2401 2527 2483 humilitas„

372 2502 444 2557 ut
489 2515 616 2556 uno
663 2492 940 2578 probare
986 2501 1087 2556 sat
1133 2494 1257 2557 erit
1304 2493 1623 2579 exemplo.

549 2582 926 2647 Donauerat
972 2603 1204 2668 equum
1251 2584 1565 2668 optimum
1609 2580 1882 2647 antistiti
1928 2578 2211 2664 Aidano,
2257 2581 2325 2645 in
2374 2602 2519 2666 quo

370 2670 500 2754 ille,
549 2672 844 2755 quamuis
891 2670 1218 2736 ambulare
1264 2671 1507 2754 solitus,
1561 2671 1665 2734 uel
1696 2670 1982 2734 amnium
2026 2667 2270 2735 fluenta
2297 2678 2507 2734 trans-

371 2759 488 2843 ire,
537 2759 644 2824 uel
689 2761 744 2822 si
790 2759 918 2824 alia
963 2758 1290 2845 quaelibet
1333 2761 1685 2824 necessitas
1730 2759 2079 2839 insisteret,
2136 2760 2312 2836 uiam
2358 2780 2511 2844 per-

371 2868 604 2931 agrare
648 2857 886 2933 posset.
951 2847 1250 2913 cuicum
1291 2871 1492 2935 paruo
1539 2849 1873 2913 interiecto
1920 2855 2211 2933 tempore
2255 2868 2526 2934 pauper

373 2934 636 3022 quidam
665 2947 1028 3002 occurreret
1058 2938 1477 3022 elimosynam
1510 2946 1770 3023 petens,
1820 2934 2116 3000 desiliens
2164 2935 2270 3000 ille
2316 2957 2505 3022 prae·

373 3026 546 3111 cepit
593 3046 855 3111 equum,
902 3027 995 3089 ita
1038 3035 1110 3090 ut
1159 3035 1298 3091 erat
1343 3035 1583 3092 stratus
1628 3025 1965 3111 regaliter,
2011 3025 2282 3110 pauperi
2328 3025 2469 3090 dari
2482 3049 2520 3089 :-

372 3123 512 3180 erat
571 3117 742 3180 enim
807 3114 1083 3178 multum
1146 3116 1509 3180 misericors
1569 3125 1634 3179 et
1692 3115 1899 3178 cultor
1966 3135 2357 3200 pauperum,
2424 3135 2523 3177 ac·

370 3204 548 3268 uelut
604 3213 790 3290 pater
846 3205 1248 3268 miserorum.
1341 3203 1487 3269 Hoc
1556 3225 1701 3268 cum
1766 3203 1909 3287 regi
1974 3211 2141 3267 esset
2203 3204 2501 3288 relatum,

372 3292 626 3357 dicebat
657 3295 976 3380 episcopo,
1011 3315 1157 3358 cum
1185 3293 1356 3358 forte
1386 3294 1740 3378 ingressuri
1772 3299 1985 3356 essent
2015 3288 2097 3355 ad
2127 3289 2519 3378 prandiumt.

268 3405 270 3408 ’
373 3377 566 3458 ‘Quid
610 3382 892 3466 uoluisti,
942 3380 1196 3446 domine
1241 3383 1541 3466 antistes,
1590 3404 1825 3468 equum
1871 3381 2144 3464 regium,
2192 3401 2386 3466 quem
2432 3389 2521 3444 te·

371 3471 794 3536 conueniebat
852 3472 1184 3557 proprium
1245 3471 1515 3556 habere,
1579 3470 1848 3558 pauperi
1907 3467 2105 3534 dare?
2166 3467 2512 3554 Numquid

369 3580 498 3623 non
541 3559 881 3625 habuimus
927 3581 1122 3647 equos
1165 3561 1426 3624 uiliores
1470 3561 1806 3646 plurimos,
1875 3557 1982 3622 uel
2026 3557 2183 3623 alias
2230 3559 2510 3644 species„

371 3669 536 3733 quae
592 3647 676 3713 ad
734 3670 1092 3735 pauperum
1153 3647 1323 3713 dona
1382 3647 1779 3732 sufficerent,
1840 3649 2135 3733 quamuis
2179 3646 2358 3711 illum
2406 3647 2520 3711 eis-

371 3757 606 3821 equum
675 3758 801 3801 non
869 3737 1090 3823 dares,
1167 3760 1358 3824 quem
1428 3738 1546 3802 tibi
1614 3736 1979 3824 specialiter
2043 3735 2501 3822 possidendum

371 3823 602 3910 elegi?’
666 3824 787 3891 Oui
818 3829 1036 3891 statim
1069 3828 1437 3914 episcopus:
1488 3825 1682 3906 ‘Quid
1712 3825 2014 3913 loqueris'
2060 3826 2268 3911 inquit
2314 3822 2516 3889 ‘rex‘B'

2719 172 2720 223 ἰ

2719 226 2720 279 1

2718 280 2720 321 4
