2723 4326
147 239 188 290 1.
229 239 461 292 26—27.
2202 240 2283 306 37

143 413 418 480 credens
465 417 828 502 baptizatus
878 427 992 499 est,
1045 439 1316 503 coepere
1364 417 1576 502 plures
1609 417 1689 482 ad
1723 415 2109 491 audiendum
2141 439 2284 481 uer-

87 591 92 594 ·
145 507 303 569 bum
355 505 678 570 confluere
723 528 801 570 ac
833 507 1056 569 relicto
1090 506 1467 590 gentilitatis
1497 509 1626 570 ritu
1658 510 1891 572 unitati
1924 529 1993 570 se
2026 515 2287 570 sanctae

143 594 396 658 Christi
443 596 754 660 ecclesiae
800 593 1119 659 credendo
1167 597 1431 660 sociare.
1511 592 1799 672 Quorum
1848 595 2001 660 fidei
2042 604 2107 660 et
2136 618 2285 660 con·

142 685 430 748 uersioni
476 687 569 748 ita
617 685 1102 769 congratulatus
1135 706 1274 748 esse
1320 707 1439 748 rex
1484 685 1878 770 perhibetur,
1926 694 1998 748 ut
2043 685 2286 749 nullum

142 783 371 838 tamen
416 783 680 877 cogeret
727 774 812 838 ad
859 773 1450 849 Christianismum3
1500 774 1611 838 sed
1661 772 2108 840 tantummodo
2154 797 2287 838 cre-

143 862 377 927 dentes
409 864 633 928 artiori
655 863 1013 946 dilectione,
1051 865 1236 949 quasi
1269 865 1564 928 concines
1597 865 1721 929 sibi
1751 867 1939 950 regni
1970 864 2284 947 caelestiS,

140 951 667 1039 amplecteretur.
743 949 1081 1018 Didicerat
1113 954 1284 1017 enim
1317 975 1358 1016 a
1389 953 1757 1018 doctoribus
1790 953 2286 1040 auctoribusque

143 1063 304 1106 suae
337 1040 563 1106 salutis
610 1043 941 1107 seruitium
975 1040 1216 1107 Christi
1245 1042 1701 1128 uoluntarium,
1748 1066 1875 1108 non
1908 1043 2285 1108 coacticium

141 1153 290 1196 esse
341 1128 598 1196 debere.
691 1129 834 1196 Nec
893 1131 1162 1214 distulit,
1226 1134 1381 1216 quin
1442 1133 1635 1196 etiam
1702 1135 1858 1219 ipsis
1921 1130 2286 1197 doctoribus

140 1222 282 1284 suis
341 1220 554 1284 locum
609 1218 776 1285 sedis
833 1242 1053 1285 eorum
1111 1221 1343 1305 gradui
1398 1243 1750 1306 congruum
1806 1225 1873 1286 in
1916 1221 2287 1285 Doruuerni

142 1309 495 1394 metropoli
555 1332 670 1374 sua
726 1306 1044 1394 donaret,
1087 1310 1276 1373 simul
1337 1320 1401 1374 et
1459 1311 1857 1376 necessarias
1902 1313 1968 1374 in
2016 1311 2285 1375 diuersis
2393 1360 2402 1368 .

139 1399 492 1485 speciebus
537 1401 968 1485 possessiones
1016 1399 1356 1464 conferret.

1172 1624 1275 1687 27.

141 1753 227 1810 vt
267 1752 433 1807 idem
472 1751 799 1820 episcopus
838 1752 1043 1807 factus
1081 1751 1388 1820 Gregorio
1426 1767 1643 1822 papae,
1684 1767 1840 1822 quae
1878 1753 2009 1808 sint
2046 1753 2285 1808 Britta-

139 1824 290 1879 niae
347 1823 564 1891 gesta,
629 1823 941 1878 mandarit
995 1824 1060 1879 et
1116 1823 1302 1878 simul
1356 1824 1735 1880 necessariis
1792 1825 1927 1880 eius
1988 1838 2287 1893 responsa

920 1885 1138 1964 peteris
1175 1895 1515 1964 acceperit.

325 2021 589 2086 Interea
646 2023 748 2085 uir
810 2019 1047 2086 domini
1112 2020 1513 2106 Augustinus
1577 2023 1755 2086 uenit
1801 2022 2031 2086 Arelas
2092 2031 2158 2088 et
2202 2023 2285 2087 ab

137 2109 634 2198 archiepiscopo
665 2109 952 2176 eiusdem
984 2113 1264 2177 ciuitatis
1295 2110 1628 2196 Aetherio,
1676 2113 1857 2175 iuxta
1904 2108 2075 2198 quod
2114 2114 2291 2177 iussa

141 2202 358 2265 sancti
418 2202 621 2287 patris
681 2198 989 2286 Gregorii
1050 2211 1463 2287 acceperant,
1530 2200 2049 2287 archiepiscopus
2110 2203 2293 2287 genti

142 2290 518 2375 Anglorum
579 2289 908 2356 ordinatus
970 2300 1096 2375 est3
1166 2312 1591 2378 reuersusque
1658 2290 2047 2355 Brittaniam
2115 2290 2293 2355 misit

143 2380 453 2444 continuo
527 2378 800 2444 Romam
874 2340 1296 2445 Laurentium
1372 2380 1821 2467 presbyterum
1894 2389 1957 2445 et
2020 2378 2292 2445 Petrum

147 2467 562 2549 monachum,
599 2470 709 2554 qui
739 2468 932 2534 beato
964 2466 1251 2555 pontifici
1284 2467 1610 2554 Gregorio
1642 2481 1903 2555 gentem
1928 2466 2294 2555 Anglorum

144 2558 347 2623 fidem
413 2554 656 2621 Christi
715 2558 1074 2644 suscepisse
1130 2580 1207 2622 ac
1269 2580 1337 2622 se
1404 2560 1774 2664 episcopum
1843 2559 2086 2623 factum
2152 2581 2291 2623 esse

144 2648 496 2713 referrent.
559 2647 748 2710 simul
795 2657 861 2711 et
905 2645 986 2711 de
1031 2648 1149 2730 eis,
1214 2669 1380 2734 quae
1434 2649 1839 2713 necessariae
1884 2649 2289 2731 uidebantur,

145 2734 638 2824 quaestionibus
671 2737 808 2800 eius
843 2736 1133 2800 consulta
1164 2734 1485 2820 flagitans.
1565 2736 1707 2801 Nec
1753 2759 1955 2821 mora,
2006 2760 2292 2823 congrua

143 2825 472 2915 quaesitui
540 2847 848 2910 responsa
912 2827 1193 2911 recepit3
1264 2847 1429 2912 quae
1498 2828 1693 2891 etiam
1762 2826 1913 2892 huic
1986 2828 2293 2893 historiae

143 2925 415 2981 nostrae
466 2913 872 2983 commodum
919 2913 1216 2979 duximus
1263 2913 1506 2980 indere.

327 3002 386 3070 I.
420 3002 856 3089 Interrogatio
889 3004 1065 3094 beati
1096 3002 1451 3087 Augustini
1476 3006 1760 3091 episcopi
1792 3001 2290 3070 Cantuariorum

145 3094 501 3159 ecclesiae:
571 3091 678 3157 De
737 3091 1082 3180 episcopis,
1146 3093 1422 3180 qualiter
1476 3116 1620 3159 cum
1668 3095 1799 3159 suis
1848 3094 2098 3160 clericis
2146 3117 2290 3158 con-

147 3191 514 3265 uersentur,
561 3183 666 3246 uel
714 3179 794 3247 de
831 3182 951 3266 his,
1001 3204 1167 3268 quae
1197 3181 1484 3247 fidelium
1516 3183 1946 3269 oblationibus
1978 3182 2293 3247 accedunt

147 3274 417 3355 altario3
467 3279 743 3374 quantae
785 3269 1059 3335 debeant
1104 3271 1244 3335 fieri
1289 3264 1615 3359 portiones
1648 3282 1711 3337 et
1745 3273 2020 3359 qualiter
2050 3274 2290 3358 episco-

149 3384 270 3448 pus
318 3381 522 3445 agere
568 3361 633 3422 in
681 3362 950 3425 ecclesia
997 3359 1274 3425 debeat?

327 3447 689 3535 Respondit
765 3448 1124 3536 Gregorius
1214 3472 1385 3537 papa
1458 3450 1639 3515 urbis
1716 3450 1992 3514 Romae.
2090 3446 2293 3514 Sacra

148 3540 470 3625 scriptura
515 3547 823 3623 testatur,
886 3561 1080 3626 quam
1113 3548 1178 3603 te
1235 3540 1399 3604 bene
1444 3560 1635 3604 nosse
1682 3538 1947 3603 dubium
1992 3560 2120 3602 non
2169 3548 2288 3622 est,

155 3638 218 3693 et
281 3628 651 3716 specialiter
714 3628 892 3693 beati
951 3628 1138 3692 Pauli
1198 3624 1280 3692 ad
1345 3626 1758 3693 Timotheum
1819 3628 2160 3715 epistulae,
2225 3630 2293 3693 in

155 3717 385 3805 quibus
435 3740 584 3783 eum
631 3716 884 3782 erudire
939 3716 1208 3797 studuit,
1270 3718 1547 3803 qualitei
1604 3720 1674 3782 in
1733 3716 1922 3781 domo
1984 3718 2090 3783 dei
2149 3740 2293 3782 con-

155 3810 404 3872 uersari
454 3805 800 3872 debuisset.
891 3805 1036 3871 Mos
1084 3816 1302 3872 autem
1350 3808 1517 3872 sedis
1565 3807 1955 3894 apostolicae
1996 3817 2092 3872 est
2126 3805 2291 3873 ordi-

155 3898 324 3962 natis
370 3898 688 3984 episcopis
749 3905 1097 3983 praecepta
1155 3896 1446 3981 tradere,
1502 3907 1575 3962 ut
1620 3898 1686 3961 in
1734 3899 1907 3962 omni
1954 3896 2291 3984 stipendiO,
