2723 4326
189 193 286 245 111.
327 192 413 247 19.
2209 190 2333 257 135

192 390 427 456 pauca,
501 389 668 453 quae
723 368 833 433 uel
874 368 999 454 ipsi
1057 367 1163 432 uel
1223 366 1545 450 omnibus,
1620 367 1731 452 qui
1790 365 2011 431 audire
2070 366 2332 450 uellent,

193 458 466 522 multum
513 456 798 522 salubria
843 465 1074 539 essent,
1122 454 1391 520 audiuit.
1453 455 1759 534 Quicum
1797 456 2001 521 uerba
2045 453 2337 521 finissent

193 558 259 613 et
291 569 440 611 cum
489 546 798 631 angelicis
846 546 1175 633 spiritibus
1207 546 1332 633 ipsi
1366 567 1619 631 quoque
1650 544 1735 609 ad
1768 546 1978 609 caelos
2024 542 2336 629 redirent,

193 645 645 701 remanserunt
703 658 850 700 cum
908 635 1100 700 beato
1147 633 1395 699 Furseo
1458 643 1591 699 tres
1649 635 1895 719 angeli,
1963 633 2043 699 de
2104 634 2336 719 quibus

193 724 496 810 diximus,
545 726 655 811 qui
701 746 848 790 eum
893 722 976 789 ad
1022 746 1250 811 corpus
1296 724 1632 788 referrent.
1697 721 1990 809 Cumque
2036 723 2334 809 praefato

194 816 332 899 igni
377 814 662 878 maximo
707 812 1185 899 adpropiarent,
1234 811 1453 876 diuisit
1499 810 1759 898 quidem
1814 812 2083 897 angelus
2094 860 2112 893 ,
2172 812 2338 876 sicut

194 905 372 990 prius
382 954 401 987 ,
470 904 694 987 ignem
753 902 1070 967 flammae.
1166 898 1296 967 Sed
1354 902 1457 965 uir
1511 901 1615 966 dei
1658 902 1771 965 ubi
1817 900 1899 965 ad
1944 899 2337 988 patefactam

195 1014 397 1077 usque
429 994 602 1057 inter
630 992 922 1057 flammas
953 994 1213 1057 ianuam
1251 992 1567 1076 peruenit,
1616 992 1997 1077 arripientes
2044 988 2337 1056 inmundi

193 1082 460 1168 spiritus
507 1103 706 1145 unum
753 1081 834 1147 de
871 1083 982 1164 eis,
1031 1102 1190 1167 quos
1233 1080 1303 1143 in
1348 1079 1607 1165 ignibus
1652 1079 2005 1162 torrebant,
2054 1080 2335 1145 iactaue-

193 1180 346 1234 runt
392 1172 462 1233 in
508 1192 657 1234 eum
703 1179 768 1235 et
814 1172 1263 1255 contingentes
1310 1166 1651 1241 humerum
1696 1168 2151 1254 maxillamque
2199 1170 2337 1233 eius

193 1259 648 1324 incenderunt:
699 1260 1132 1346 cognouitque
1177 1257 1502 1321 hominem
1550 1266 1635 1339 et,
1684 1260 1835 1344 quia
1879 1260 2337 1323 uestimentum

196 1350 332 1412 eius
379 1349 716 1413 morientis
776 1350 1127 1435 acceperit,
1190 1344 1270 1410 ad
1317 1348 1696 1412 memoriam
1756 1345 2029 1414 reduxit.
2124 1343 2336 1424 Quem

194 1437 468 1522 angelus
527 1446 784 1502 sanctus
846 1440 1066 1503 statim
1126 1433 1612 1522 adprehendens
1679 1438 1747 1500 in
1810 1438 2026 1520 ignem
2089 1437 2333 1504 reiecit.

193 1527 608 1611 Dicebatque
652 1525 856 1591 hostis
901 1527 1248 1610 malignus:
1299 1523 1542 1590 ‘Nolite
1588 1525 1921 1611 repellere,
1971 1547 2161 1611 quem
2184 1535 2337 1591 ante

192 1618 601 1701 suscepistis:
661 1638 813 1680 nam
872 1618 1037 1681 sicut
1099 1615 1269 1680 bona
1325 1614 1460 1677 eius
1524 1615 1879 1699 peccatoris
1942 1616 2334 1700 suscepistis,

192 1706 289 1769 ita
335 1715 399 1769 et
446 1703 526 1769 de
572 1707 795 1791 poenis
843 1706 976 1770 eius
1036 1704 1383 1790 participes
1444 1725 1584 1767 esse
1644 1700 1973 1768 debeatis'.
2067 1701 2336 1767 Contra-

196 1793 419 1858 dicens
465 1792 764 1877 angelus:
816 1790 901 1857 ‘N
903 1796 1004 1859 on'
1053 1793 1262 1878 inquit
1307 1790 1593 1879 ‘propter
1638 1792 1999 1877 auaritiam,
2048 1790 2162 1857 sed
2190 1814 2336 1878 pro-

194 1891 346 1968 pter
392 1881 770 1947 saluandam
819 1884 954 1947 eius
1001 1884 1282 1947 animam
1329 1881 1659 1966 suscepit’:
1709 1882 2112 1967 cessauitque
2143 1882 2333 1966 ignis.

195 1971 284 2035 Et
331 1963 682 2048 conuersus
739 1970 821 2037 ad
868 1994 1015 2037 eum
1068 1969 1364 2055 angelus:
1434 1966 1644 2045 ‘Quod
1680 1968 2063 2051 incendisti‚'
2123 1972 2335 2056 inquit

195 2059 341 2125 ‘hoc
408 2061 568 2125 arsit
630 2062 698 2125 in
755 2070 844 2129 te.
935 2058 1008 2129 Si
1071 2061 1244 2125 enim
1303 2058 1491 2123 huius
1550 2059 1673 2122 uiri
1732 2060 1801 2123 in
1857 2060 2141 2145 peccatis
2200 2061 2333 2124 suis

196 2150 438 2216 mortui
497 2150 836 2237 pecuniam
891 2174 1018 2215 non
1077 2148 1470 2234 accepisses,
1529 2171 1649 2214 nec
1706 2171 1914 2236 poena
1974 2150 2111 2213 eius
2155 2149 2222 2213 in
2268 2158 2334 2214 te

195 2238 498 2304 arderet'.
560 2238 648 2303 Et
678 2240 865 2326 plura
892 2241 1161 2322 locutus,
1210 2237 1365 2325 quid
1412 2259 1567 2321 erga
1612 2238 1885 2302 salutem
1931 2259 2172 2322 eorum,
2223 2239 2335 2322 qui

191 2328 276 2394 ad
321 2337 603 2392 mortem
647 2332 1083 2416 poeniterent,
1133 2337 1303 2393 esset
1349 2327 1670 2412 agendum
1680 2378 1699 2412 ,
1756 2327 1997 2392 salubri
2043 2348 2338 2392 sermone

192 2417 433 2484 docuit.
499 2415 626 2496 Qui
672 2416 1081 2506 postmodum
1129 2419 1194 2482 in
1242 2437 1511 2502 corpore
1556 2417 1906 2500 restitutuS,
1956 2417 2132 2480 omni
2162 2417 2338 2480 uitae

192 2528 348 2570 suae
411 2514 704 2593 tempore
762 2509 1018 2592 signum
1074 2505 1389 2588 incendii,
1452 2505 1622 2590 quod
1668 2506 1735 2568 in
1779 2507 1994 2570 anima
2050 2503 2335 2590 pertulit,

192 2595 452 2660 uisibile
491 2597 738 2660 cunctis
769 2597 834 2660 in
867 2596 1137 2660 humero
1181 2593 1571 2680 maxillaque
1616 2595 1922 2680 portauit:
1972 2595 2336 2679 mirumque

192 2686 260 2748 in
307 2683 590 2765 modum,
639 2684 809 2769 quod
857 2687 1072 2750 anima
1117 2685 1183 2747 in
1230 2682 1479 2748 occulto
1526 2705 1717 2769 passa
1760 2684 1863 2765 sit,
1923 2705 2069 2748 caro
2118 2683 2337 2768 palam

194 2772 771 2857 praemonstrabat.
868 2773 1156 2839 Curabat
1201 2782 1416 2838 autem
1476 2793 1760 2858 semper,
1828 2774 1991 2836 sicut
2036 2781 2101 2836 et
2146 2781 2339 2836 antea

194 2862 414 2926 facere
479 2871 848 2946 consuerat,
921 2863 1218 2928 omnibus
1288 2882 1447 2947 opus
1514 2862 1829 2925 uirtutum
1890 2870 1955 2926 et
2024 2861 2338 2948 exemplis

196 2947 538 3015 ostendere
585 2959 650 3014 et
696 2950 1072 3039 praedicare
1118 2950 1539 3016 sermonibus,
1621 2947 1934 3015 Ordinem
1970 2959 2197 3015 autem
2242 2951 2336 3015 ui-

194 3041 449 3104 sionum
497 3060 757 3105 suarum
801 3039 926 3105 illis
986 3038 1416 3120 solummodo,
1478 3040 1588 3123 qui
1634 3047 1901 3125 propter
1946 3037 2336 3104 desiderium

195 3129 704 3214 compunctionis
749 3129 1261 3213 interrogabant,
1309 3149 1633 3214 exponere
1680 3127 1956 3192 uolebat.
2022 3127 2336 3214 Superest

195 3215 406 3280 adhuc
451 3215 654 3282 frater
699 3219 959 3302 quidam
1004 3219 1218 3282 senior
1253 3218 1629 3281 monasterii
1660 3217 1879 3300 nostri,
1929 3218 2040 3302 qui
2069 3238 2337 3282 narrare

197 3305 359 3369 solet
406 3302 646 3370 dixisse
691 3307 814 3370 sibi
860 3304 1176 3392 quendam
1214 3306 1489 3371 multum
1524 3327 1822 3371 ueracem
1854 3327 1930 3370 ac
1957 3305 2335 3390 religiosum

196 3392 542 3478 hominem,
593 3394 761 3480 quod
792 3397 1004 3484 ipsum
1034 3396 1352 3460 Furseum
1374 3394 1609 3460 uiderit
1638 3396 1704 3459 in
1736 3396 2068 3482 prouincia
2104 3392 2335 3460 Orien-

197 3483 421 3547 talium
453 3480 816 3567 Anglorum
859 3485 1130 3570 illasque
1175 3487 1451 3549 uisiones
1500 3505 1579 3548 ex
1625 3485 1823 3570 ipsius
1871 3505 1981 3548 ore
2026 3481 2330 3568 audierit3

199 3569 513 3655 adiciens,
576 3574 726 3658 quia
771 3582 1026 3660 tempus
1071 3572 1300 3638 hiemis
1345 3572 1541 3636 fuerit
1586 3575 1971 3638 acerrimum
1993 3581 2078 3637 'et
2124 3571 2335 3658 glacie

200 3663 644 3745 constrictum,
705 3684 853 3727 cum
915 3661 1141 3728 sedens
1188 3665 1256 3726 in
1299 3661 1478 3725 tenui
1524 3670 1700 3724 ueste
1744 3662 1845 3725 uir
1890 3663 1980 3725 ita
2024 3663 2195 3727 inter
2240 3659 2334 3726 di·

201 3747 474 3814 cendum
515 3758 784 3837 propter
828 3751 1340 3837 magnitudinem
1387 3750 1724 3813 memorati
1769 3751 2017 3813 timoris
2063 3751 2168 3816 uel
2192 3773 2333 3815 sua-

201 3837 418 3901 uitatis
466 3839 648 3924 quasi
692 3839 763 3906 in
807 3841 1060 3906 mediae
1107 3840 1370 3906 aestatis
1419 3845 1711 3904 caumate
1757 3835 2103 3903 sudauerit.
