2723 4326
428 189 513 254 88
999 154 1003 160 ⁴
2361 181 2441 235 11.
2482 181 2565 236 12.

607 361 897 448 Cumque
942 360 1051 428 diu
1109 360 1322 425 tacitis
1381 359 1613 425 mentis
1668 359 2018 445 angoribus
2066 368 2133 425 et
2180 381 2375 425 cacco
2428 383 2567 426 car·
2687 389 2688 392 ¹

428 461 689 541 peretur
734 451 900 536 igni,
961 450 1123 516 uidit
1167 448 1379 514 subito
1424 451 1850 535 intempestae
1895 450 2105 513 noctis
2150 449 2412 514 silentio
2462 449 2568 515 ad-

428 544 963 630 propinquantem
1009 538 1131 604 sibi
1159 538 1481 603 hominem
1526 538 1741 602 uultus
1786 535 2169 624 habitusque
2214 539 2569 623 incogniti:

429 653 620 718 quem
664 631 916 712 uidens,
969 637 1042 692 ut
1086 630 1377 714 ignotum
1427 636 1492 692 et
1536 628 1955 714 inopinatum,
2003 649 2127 692 non
2172 649 2413 713 parum
2464 651 2569 692 ex-

427 722 626 808 pauit.
718 718 809 785 At
870 718 978 782 ille
1037 715 1350 782 accedens
1418 717 1721 781 salutauit
1781 739 1925 781 eum
1985 725 2049 782 et
2107 717 2569 804 interrogauit,

429 831 628 898 quare
674 808 784 872 illa
827 806 1006 892 hora,
1055 807 1285 872 ceteris
1334 804 1811 891 quiescentibus
1858 813 1923 870 et
1946 805 2077 870 alto
2124 828 2354 893 sopore
2392 830 2573 894 pres·

428 901 536 983 sis,
583 897 753 962 solus
783 897 920 984 ipse
965 905 1250 960 maestus
1295 894 1360 958 in
1407 894 1620 982 lapide
1664 895 1944 980 peruigil
1988 893 2263 960 sederet.
2328 894 2430 961 At
2464 897 2573 961 ille

427 987 710 1052 uicissim
757 985 1219 1069 sciscitabatur,
1269 981 1424 1069 quid
1448 981 1528 1047 ad
1562 1005 1710 1048 eum
1753 984 2126 1070 pertineret,
2174 993 2396 1048 utrum
2432 987 2573 1072 ipse

425 1077 597 1141 intus
643 1097 726 1140 an
769 1075 924 1140 foris
977 1082 1232 1138 noctem
1292 1073 1700 1158 transigeret.
1792 1070 1921 1151 Qui
1980 1071 2381 1162 respondens
2448 1076 2571 1140 ait:

429 1163 552 1230 ‘Ne
583 1187 688 1229 me
733 1165 1032 1230 aestimes
1064 1172 1214 1227 tuae
1255 1163 1619 1226 maestitiae
1666 1170 1732 1226 et
1776 1162 2231 1227 insomniorum
2265 1172 2333 1226 et
2362 1164 2570 1228 forin-

427 1276 613 1321 secae
670 1261 734 1318 et
791 1254 1113 1318 solitariae
1172 1252 1470 1316 sessionis
1532 1272 1790 1315 causam
1852 1252 2129 1336 nescire3
2194 1253 2325 1317 scio
2393 1255 2573 1318 enim

429 1344 810 1427 certissime,
881 1341 989 1428 qui
1027 1363 1095 1406 es
1143 1349 1208 1405 et
1254 1361 1453 1426 quare
1498 1361 1749 1405 maeres
1796 1349 1862 1404 et
1908 1361 2075 1426 quae
2120 1349 2401 1406 uentura
2450 1342 2573 1406 tibi

427 1434 494 1496 in
538 1431 833 1518 proximo
877 1430 1047 1494 mala
1091 1426 1416 1494 formidas.
1482 1426 1613 1496 Sed
1658 1429 1854 1494 dicito
1900 1429 2076 1514 mihi,
2126 1429 2279 1516 quid
2322 1433 2571 1495 mercis

428 1520 581 1586 dare
625 1519 786 1584 uelis
817 1519 897 1604 ei,
945 1520 1112 1606 siqui
1142 1520 1242 1602 sit,
1301 1519 1412 1603 qui
1456 1516 1555 1583 his
1600 1527 1665 1582 te
1710 1518 2108 1583 maeroribus
2153 1518 2459 1584 absoluat
2508 1529 2571 1584 et

426 1608 754 1675 Redualdo
803 1607 1084 1693 suadeat,
1131 1617 1206 1671 ut
1233 1628 1352 1671 nec
1382 1608 1523 1693 ipse
1561 1606 1681 1671 tibi
1726 1607 1966 1694 aliquid
2010 1608 2165 1672 mali
2210 1609 2413 1674 faciat
2449 1631 2571 1674 nec

427 1701 557 1764 tuis
599 1708 664 1764 te
709 1696 996 1762 hostibus
1039 1694 1489 1783 perimendum
1536 1695 1793 1761 tradat.’
1856 1694 1984 1774 Qui
2030 1719 2175 1762 cum
2206 1720 2274 1764 se
2321 1699 2563 1782 omnia,

429 1810 592 1875 quae
639 1796 873 1874 posset,
919 1785 1070 1851 huic
1101 1786 1212 1850 tali
1242 1807 1359 1872 pro
1392 1784 1689 1850 mercede
1735 1784 2031 1850 beneficii
2078 1785 2382 1852 daturum
2424 1809 2568 1852 esse

425 1876 864 1963 responderet,
912 1875 1148 1940 adiecit
1190 1875 1324 1939 ille:
1377 1869 1567 1950 ‘Quid
1600 1875 1653 1937 si
1686 1875 1883 1938 etiam
1920 1897 2142 1959 regem
2176 1886 2238 1940 te
2269 1877 2566 1941 futurum

427 1967 759 2030 exstinctis
803 1963 1093 2029 hostibus
1138 1965 1204 2029 in
1250 1962 1523 2028 ueritate
1568 1965 1923 2049 promittat,
1972 1966 2063 2029 ita
2092 1974 2163 2029 ut
2193 1987 2320 2030 non
2352 1968 2567 2031 solum

427 2076 646 2120 omnes
691 2062 831 2118 tuos
876 2053 1344 2142 progenitores,
1394 2052 1506 2117 sed
1540 2060 1604 2116 et
1634 2074 1874 2138 omnes,
1923 2055 2032 2139 qui
2072 2063 2223 2119 ante
2254 2064 2319 2120 te
2366 2076 2567 2140 reges

424 2145 491 2209 in
537 2150 736 2231 gente
782 2141 1141 2228 Anglorum
1186 2141 1476 2225 fuerant,
1523 2149 1847 2228 potestate
1894 2141 2377 2210 transcendas‘?'
2475 2141 2565 2208 At

423 2233 705 2300 Aeduini
729 2234 1122 2300 constantior
1165 2230 1622 2315 interrogando
1665 2232 1870 2297 factus
1900 2254 2029 2297 non
2060 2231 2381 2299 dubitauit
2416 2256 2562 2321 pro-

425 2326 704 2405 mittere,
753 2323 910 2409 quin
956 2324 1034 2404 ei,
1084 2321 1195 2407 qui
1239 2328 1421 2424 tanta
1467 2320 1589 2386 sibi
1633 2318 1945 2385 beneficia
1991 2320 2283 2408 donaret,
2346 2323 2565 2407 dignis

425 2409 1383 2585 {13525533313333021321233
1424 2408 2135 2586 &Zipissssssffsstnassff
2162 2412 2561 2567 3333?ssss

428 2592 588 2655 citer
633 2588 984 2654 aduentura
1029 2549 1442 2675 praedixerit,
1492 2588 1687 2652 etiam
1736 2588 2068 2653 consilium
2113 2590 2231 2654 tibi
2270 2599 2424 2656 tuae
2456 2613 2555 2655 sa-

426 2680 576 2743 lutis
623 2700 700 2743 ac
743 2680 918 2743 uitae
960 2678 1188 2743 melius
1234 2685 1429 2764 atque
1473 2676 1719 2757 utilius,
1788 2697 1981 2761 quam
2026 2678 2255 2764 aliquis
2302 2678 2384 2745 de
2429 2681 2561 2744 tuis

427 2767 801 2854 parentibus
855 2775 966 2831 aut
1026 2770 1318 2849 cognatis
1378 2787 1661 2851 unquam
1724 2763 1995 2849 audiuit,
2061 2767 2402 2833 ostendere
2450 2791 2563 2855 po-

429 2858 647 2939 tuerit,
694 2876 846 2919 num
878 2857 939 2919 ei
986 2855 1433 2941 obtemperare
1466 2865 1529 2920 et
1559 2856 1803 2919 monita
1834 2857 1969 2919 eius
2016 2856 2321 2922 salutaria
2368 2858 2566 2923 susci-

430 2967 588 3032 pere
634 2946 949 3009 consentis
961 2942 1016 3007 P'
1078 2941 1218 3009 Nec
1265 2943 1511 3008 distulit
1534 2942 1835 3026 Aeduini,
1885 2946 2039 3030 quin
2086 2946 2387 3011 continuo
2426 2946 2561 3034 pol-

430 3035 734 3100 liceretur
778 3034 844 3097 in
892 3033 1182 3097 omnibus
1229 3055 1297 3097 se
1353 3041 1725 3098 secuturum
1778 3032 2133 3099 doctrinam
2190 3034 2388 3117 illius,
2454 3036 2566 3121 qui

433 3146 502 3189 se
547 3131 646 3187 tot
691 3145 769 3188 ac
813 3123 1008 3187 tantis
1063 3123 1538 3187 calamitatibus
1594 3130 1886 3209 ereptum
1940 3122 2021 3187 ad
2067 3125 2253 3210 regni
2310 3126 2565 3209 apicem

432 3212 835 3301 proueheret.
929 3209 1071 3290 Quo
1118 3220 1387 3297 accepto
1431 3233 1759 3296 responso,
1810 3210 2145 3277 confestim
2191 3214 2263 3296 is,
2315 3215 2428 3299 qui
2472 3214 2561 3278 lo-

476 3304 749 3368 uebatur
805 3324 950 3366 cum
997 3324 1072 3367 eo
1082 3351 1101 3386 ,
1171 3302 1475 3386 imposuit
1532 3300 1868 3365 dexteram
1928 3323 2109 3366 suam
2166 3302 2363 3388 capiti
2426 3304 2564 3367 eius

433 3324 680 3457 dicens:
746 3388 929 3455 ‘Cum
975 3389 1097 3456 hoc
1142 3411 1300 3475 ergo
1348 3390 1467 3454 tibi
1514 3392 1766 3474 signum
1813 3388 2172 3474 aduenerit,
2236 3402 2563 3456 memento

431 3479 618 3545 huius
663 3480 976 3566 temporis
1025 3502 1102 3545 ac
1145 3479 1437 3566 loquelae
1481 3488 1741 3544 nostrae
1774 3488 1838 3543 et
1870 3501 1965 3562 ea,
2017 3502 2181 3565 quae
2216 3499 2385 3544 nunc
2418 3503 2560 3566 pro-

433 3571 663 3653 mittis,
731 3567 1082 3655 adimplere
1127 3590 1208 3632 ne
1254 3566 1511 3633 differas
1524 3567 1577 3632 ‘?'
1639 3567 1729 3632 Et
1776 3566 1875 3632 his
1931 3567 2139 3653 dictis,
2204 3577 2276 3632 ut
2327 3568 2560 3653 ferunt,

433 3667 700 3743 repente
746 3657 1078 3743 disparuit,
1127 3665 1200 3722 ut
1245 3658 1649 3743 intellegeret
1693 3679 1821 3722 non
1867 3656 2193 3723 hominem
2239 3680 2403 3742 esse,
2456 3659 2562 3744 qui

437 3745 560 3811 sibi
605 3748 1026 3832 apparuisset,
1077 3746 1189 3811 sed
1234 3748 1552 3833 spiritum.

613 3834 701 3897 Et
747 3857 892 3898 cum
937 3837 1155 3918 regius
1199 3836 1452 3900 iuuenis
1499 3834 1668 3899 solus
1728 3832 1933 3898 adhuc
1992 3834 2232 3899 ibidem
2288 3834 2558 3920 sederet,
