2723 4326
187 198 326 253 1111.
362 201 520 256 8—9.
2203 204 2328 268 179

192 377 408 442 adhuc
454 386 737 443 aetatem
769 378 836 441 in
866 379 1191 463 uirginum
1224 376 1344 443 deo
1393 376 1834 443 dedicatarum
1884 378 2130 445 solebat
2175 380 2336 445 cella

190 468 425 531 nutriri
471 467 688 552 ibique
747 465 1067 531 meditari.
1162 466 1291 531 Hic
1336 466 1631 553 praefata
1685 469 2052 553 pestilentia
2105 477 2333 555 tactus,

192 555 309 619 ubi
355 553 436 619 ad
484 566 775 621 extrema
829 556 1153 642 peruenit,
1219 556 1522 622 clamauit
1578 560 1768 621 tertio
1823 578 2013 621 unam
2061 557 2140 622 de
2171 580 2333 622 con-

194 645 463 709 secratis
524 643 781 709 Christo
851 644 1239 729 uirginibus,
1306 646 1569 731 proprio
1631 667 1771 711 eam
1833 648 2092 712 nomine
2153 649 2334 732 quasi

193 743 605 819 praesentem
650 733 1010 819 alloquenS,
1058 732 1370 819 Eadgyd,
1417 732 1724 820 Eadgyd,
1772 733 2078 820 Eadgyd3
2131 745 2196 801 et
2241 737 2334 801 sic

193 823 544 888 terminans
590 824 1012 909 temporalem
1044 824 1265 905 uitam,
1315 824 1583 888 intrauit
1613 833 1960 889 aeternam.
2023 820 2114 888 At
2144 826 2332 911 uirgo

190 910 324 995 illa,
374 933 566 997 quam
596 914 873 976 moriens
910 912 1207 997 uocabat,
1253 935 1407 977 mox
1436 914 1502 976 in
1532 912 1691 997 loco,
1740 935 1866 999 quo
1899 922 2057 995 erat,
2108 912 2333 979 eadem

193 1000 455 1065 adtacta
500 998 893 1085 infirmitate,
943 1004 1103 1087 ipsc,
1155 1023 1279 1087 quo
1324 1010 1556 1067 uocata
1603 1012 1721 1088 est,
1770 1000 1874 1066 die
1928 1001 2007 1067 de
2037 1002 2160 1067 hac
2189 1003 2333 1069 luce

195 1088 527 1154 subtracta
573 1099 638 1153 et
683 1090 890 1174 illum,
957 1092 1064 1176 qui
1112 1113 1182 1155 se
1228 1092 1515 1175 uocauit,
1575 1090 1658 1156 ad
1716 1112 1988 1175 regnum
2055 1092 2332 1157 caeleste

194 1186 416 1243 secuta
460 1186 577 1242 est.

370 1267 542 1332 Item
589 1267 903 1353 quaedam
951 1289 1032 1331 ex
1080 1267 1319 1333 eisdem
1367 1269 1614 1335 ancillis
1661 1268 1800 1354 dei,
1851 1290 1996 1333 cum
2041 1269 2330 1355 praefato

191 1364 371 1419 tacta
437 1356 661 1421 morbo
728 1364 923 1442 atque
982 1355 1065 1420 ad
1127 1365 1416 1421 extrema
1480 1367 1648 1423 esset
1693 1350 2050 1445 perducta,
2120 1360 2334 1446 coepit

193 1444 406 1509 subito
457 1447 627 1510 circa
673 1444 954 1511 mediam
1001 1455 1257 1511 noctem
1303 1447 1583 1511 clamare
1629 1446 1749 1529 his,
1799 1469 1963 1533 quae
1995 1447 2118 1513 sibi
2149 1449 2332 1512 mini·

191 1535 514 1619 strabant,
585 1544 838 1621 petens,
902 1543 974 1598 ut
1018 1535 1375 1618 lucernam,
1440 1558 1604 1623 quae
1649 1535 1810 1600 inibi
1855 1559 2127 1602 accensa
2172 1546 2330 1621 erat,

195 1624 671 1708 extinguerent.
766 1621 954 1702 Quod
1002 1646 1147 1687 cum
1195 1625 1518 1710 frequenti
1577 1647 1738 1690 uoce
1797 1634 2146 1711 repeteret,
2209 1648 2330 1691 nec

190 1720 411 1777 tamen
442 1715 502 1776 ei
532 1712 761 1799 aliquis
795 1713 1291 1799 obtemperaret,
1335 1711 1419 1776 ad
1451 1722 1813 1779 extremum
1842 1713 2085 1778 intulit:
2133 1712 2327 1798 ,Scio,

192 1798 363 1887 quod
409 1824 514 1865 me
559 1801 720 1866 haec
767 1803 991 1866 insana
1034 1810 1250 1866 mente
1296 1800 1472 1888 loqui
1532 1802 1966 1887 arbitramini3
2029 1801 2142 1867 sed
2199 1804 2329 1868 iam

189 1912 360 1955 nunc
404 1912 533 1955 non
577 1892 669 1955 ita
716 1912 858 1956 esse
904 1892 1301 1973 cognoscite:
1347 1912 1501 1955 nam
1531 1913 1684 1955 uere
1732 1890 1874 1955 dico
1906 1892 2111 1975 nobie,
2159 1892 2328 1978 quod

191 1977 456 2043 domum
486 1979 655 2045 hanc
687 1989 868 2044 tanta
896 1980 1039 2044 luce
1075 1979 1408 2066 impletam
1442 2002 1581 2045 esse
1619 1981 1959 2067 perspicio,
2009 1991 2080 2045 ut
2110 1992 2328 2046 uestra

187 2068 300 2132 illa
346 2069 607 2135 lucerna
661 2068 819 2133 mihi
866 2068 1245 2134 omnimodis
1294 2090 1434 2133 esse
1479 2068 1779 2133 uideatur
1834 2069 2150 2135 obscura.’
2239 2070 2328 2135 Et

190 2179 339 2222 cum
383 2181 467 2223 ne
512 2156 722 2223 adhuc
791 2156 1053 2245 quidem
1121 2159 1279 2223 talia
1331 2159 1622 2245 loquenti
1676 2160 2012 2245 quisquam
2068 2182 2326 2246 respon·
2394 2158 2398 2161 ’

189 2246 373 2312 deret
418 2248 523 2312 uel
568 2247 909 2313 adsensum
966 2246 1336 2334 praeberet,
1402 2249 1635 2313 iterum
1696 2246 1886 2314 dixit:
1953 2245 2331 2314 ‘Accendite

190 2357 347 2421 ergo
394 2337 723 2401 lucernam
770 2337 973 2422 illam,
1036 2359 1227 2422 quam
1277 2335 1387 2401 diu
1444 2338 1669 2421 uultis3
1731 2346 2016 2403 attamen
2077 2340 2322 2423 scitote,

190 2427 342 2511 quia
386 2447 515 2490 non
562 2434 660 2490 est
706 2448 883 2490 mea:
930 2447 1083 2490 nam
1115 2448 1262 2491 mea
1297 2425 1430 2510 lux,
1476 2427 1825 2513 incipiente
1870 2449 2118 2512 aurora,
2167 2427 2327 2492 mihi

185 2514 548 2579 aduentura
594 2519 731 2579 est.’
824 2513 1185 2601 Coepitque
1229 2537 1521 2599 narrare,
1589 2517 1741 2602 quia
1785 2517 2158 2603 apparuerit
2203 2516 2328 2581 sibi

189 2602 453 2690 quidam
483 2605 585 2668 uir
616 2603 741 2689 dei,
788 2604 898 2690 qui
932 2602 1156 2669 eodem
1204 2626 1372 2668 anno
1419 2605 1632 2670 fuerat
1679 2603 2036 2690 defunctus,
2086 2605 2325 2691 dicens,

188 2690 362 2845 guod
394 2693 777 2758 adueniente
807 2691 1084 2758 diluculo
1116 2715 1466 2780 perennem
1499 2703 1668 2759 esset
1699 2696 1952 2758 exitura
1981 2693 2064 2760 ad
2094 2694 2322 2760 lucem.

246 2783 388 2846 uius
456 2783 697 2847 ueritas
764 2784 1028 2847 uisionis
1097 2785 1225 2846 cita
1295 2784 1468 2848 circa
1531 2793 1825 2848 exortum
1888 2784 2015 2849 diei
2072 2784 2324 2870 puellae

185 2880 396 2936 morte
443 2871 717 2957 probata
762 2880 877 2936 est.

1223 3104 1283 3167 9.

186 3261 351 3332 Quae
401 3259 532 3316 sint
580 3259 829 3316 ostensa
879 3258 1147 3317 caelitus
1200 3259 1413 3329 signa,
1471 3275 1605 3317 cum
1645 3261 1710 3316 et
1747 3261 1885 3330 ipsa
1935 3261 2134 3316 mater
2181 3275 2320 3318 con·

598 3349 989 3417 gregationis
1029 3350 1209 3406 illius
1249 3363 1281 3405 e
1320 3351 1542 3406 mundo
1582 3349 1912 3406 transiret.

366 3492 531 3560 Cum
581 3503 799 3560 autem
846 3503 910 3559 et
954 3497 1094 3582 ipsa
1150 3503 1356 3559 mater
1401 3496 1510 3581 pia
1555 3492 1675 3559 deo
1730 3493 2002 3559 deuotae
2057 3514 2322 3578 congre·

184 3585 465 3668 gationis
511 3582 916 3669 Aedilburga
975 3593 1144 3649 esset
1202 3583 1518 3670 rapienda
1563 3583 1641 3647 de
1688 3581 1954 3666 mund0‚
2021 3584 2322 3669 apparuit

182 3674 349 3739 uisio
426 3672 719 3737 miranda
794 3671 1046 3737 cuidam
1115 3672 1195 3738 de
1264 3673 1621 3758 sororibus,
1701 3673 1803 3737 cui
1871 3693 2107 3736 nomen
2183 3681 2321 3738 erat

186 3760 553 3848 Torctgyd,
612 3784 775 3848 quae
836 3762 1051 3827 multis
1109 3765 1239 3827 iam
1299 3761 1482 3828 annis
1527 3762 1594 3826 in
1644 3759 1871 3826 eodem
1930 3764 2318 3827 monasterio

186 3859 611 3937 commorata,
674 3861 738 3916 et
795 3852 937 3938 ipsa
994 3873 1247 3937 semper
1294 3853 1361 3916 in
1411 3852 1583 3916 omni
1637 3850 2000 3916 humilitate
2059 3873 2136 3916 ac
2196 3852 2317 3914 sin·
