2723 4326
409 163 492 228 70
2275 161 2347 214 11.
2388 162 2548 216 3—4.

405 338 700 404 suffultus
733 338 1216 406 Aedilberctum
1247 361 1473 424 regem
1502 362 1579 404 ac
1611 348 1875 423 gentem
1906 337 2073 403 illius
2106 339 2188 403 ab
2220 337 2551 403 idolorum

405 429 583 494 cultu
645 428 727 493 ad
778 427 1020 494 Christi
1083 428 1277 494 fidem
1341 429 1645 517 perduxit
1708 437 1773 493 et
1842 429 2179 514 completis
2250 429 2319 491 in
2386 449 2552 513 pace

409 516 634 582 diebus
689 516 882 583 officii
937 520 1036 583 sui
1091 517 1432 584 defunctus
1480 526 1579 584 est
1624 518 1898 604 septimo
1946 515 2283 582 Kalendas
2328 517 2555 582 Iunias

408 605 633 672 eodem
680 628 838 692 rege
881 609 1245 692 regnante.’

1445 785 1507 848 4.

406 924 487 982 Vt
510 924 883 981 Laurentius
921 940 1056 980 cum
1095 924 1481 994 coepiscopis
1509 925 1638 980 suis
1664 922 1912 980 Scottos
1948 922 2259 979 unitatem
2296 924 2558 980 sanctae

409 1014 710 1070 ecclesiae
747 1014 812 1070 et
847 1013 1110 1069 maxime
1148 1012 1217 1067 in
1257 1013 1487 1081 pascha
1536 1011 1922 1069 obseruando
1976 1012 2152 1080 sequi
2205 1011 2560 1082 monuerit,

927 1102 993 1158 et
1027 1101 1100 1158 ut
1135 1100 1421 1156 Mellitus
1458 1101 1707 1156 Romam
1744 1099 2022 1157 uenerit.

587 1228 911 1296 Successit
939 1229 1307 1313 Augustino
1338 1229 1405 1292 in
1436 1229 1882 1313 episcopatum
1913 1225 2324 1308 Laurentiue,
2360 1249 2565 1314 quem

408 1321 547 1406 ipse
608 1310 845 1383 idcirco
905 1317 1113 1381 adhuc
1167 1319 1395 1381 uiuens
1464 1316 1900 1401 ordinauerat,
1965 1338 2049 1380 ne
2110 1337 2179 1380 se
2243 1315 2563 1382 defuncto

410 1417 614 1473 status
662 1406 968 1471 ecclesiae
997 1415 1132 1470 tam
1162 1404 1338 1471 rudis
1372 1405 1475 1470 uel
1506 1403 1589 1469 ad
1619 1405 1846 1470 horam
1890 1414 2153 1491 pastore
2202 1403 2565 1470 destitutus

409 1496 716 1561 uacillare
759 1497 1093 1580 inciperet.
1155 1492 1236 1558 In
1269 1517 1396 1581 quo
1428 1502 1495 1559 et
1526 1494 1893 1581 exemplum
1937 1493 2329 1579 sequebatur
2360 1495 2567 1580 primi

411 1586 686 1672 pastoris
733 1584 1060 1666 ecclesiae,
1108 1581 1230 1647 hoc
1262 1594 1358 1648 est
1390 1584 1741 1649 beatissimi
1772 1583 2206 1668 apostolorum
2237 1584 2567 1670 principis

411 1675 609 1759 Petri,
661 1675 771 1760 qui
817 1672 1084 1738 fundata
1114 1671 1359 1737 Romae
1408 1673 1679 1736 ecclesia
1710 1670 1949 1736 Christi
1982 1668 2394 1736 Clementem
2434 1673 2566 1736 sibi

411 1762 771 1828 adiutorem
804 1759 1308 1847 euangelizandi,
1357 1761 1546 1826 simul
1578 1769 1643 1825 et
1674 1781 2109 1826 successorem
2141 1781 2566 1826 consecrasse

412 1851 806 1939 perhibetur.
901 1847 1289 1915 Laurentius
1335 1848 1803 1936 archiepiscopi
1850 1849 2059 1934 gradu
2103 1851 2350 1935 potitus
2400 1858 2564 1914 stre-

412 1941 717 2005 nuissime
763 1938 1181 2005 fundamenta
1227 1937 1561 2020 ecclesiae,
1613 1959 1777 2023 quae
1820 1938 2121 2004 nobiliter
2153 1939 2329 2004 iacta
2377 1939 2561 2022 uidit,

405 2037 832 2115 augmentare
865 2037 1058 2114 atque
1088 2026 1172 2092 ad
1203 2027 1567 2113 profectum
1612 2025 1815 2091 debiti
1862 2027 2175 2111 culminis,
2226 2037 2291 2091 et
2324 2029 2561 2092 crebra

411 2141 572 2185 uoce
630 2126 888 2183 sanctae
958 2116 1421 2183 exhortationis
1463 2124 1527 2181 et
1565 2117 1877 2181 continuis
1944 2117 2093 2204 piae
2158 2118 2561 2203 operationis

403 2208 724 2295 exemplis
772 2205 1128 2294 prouehere
1189 2205 1457 2269 curauit.
1552 2204 1851 2291 Denique
1896 2227 2022 2269 non
2068 2206 2276 2270 solum
2326 2228 2558 2291 nouae,

413 2320 577 2383 quae
625 2296 704 2362 de
751 2295 982 2381 Anglis
1045 2302 1186 2359 erat
1246 2294 1539 2377 collecta,
1606 2294 1913 2358 ecclesiae
1972 2314 2197 2359 curam
2258 2296 2563 2380 gerebat,

403 2387 524 2451 ,sed
572 2395 636 2451 et
682 2395 974 2450 ueterum
1020 2381 1383 2447 Brittaniae
1428 2381 1800 2466 incolarum,
1846 2404 1967 2447 nec
2012 2405 2141 2447 non
2188 2390 2256 2447 et
2306 2381 2567 2449 Scotto-

410 2498 576 2559 rum,
611 2476 720 2561 qui
753 2473 1138 2538 Hiberniam
1168 2472 1444 2535 insulam
1462 2470 1823 2536 Brittaniae
1855 2472 2222 2556 proximam
2245 2471 2564 2557 incolunt,

460 2564 666 2650 opulis
742 2562 1132 2649 pastoralem
1208 2558 1585 2645 impendere
1677 2560 2172 2625 sollicitudinem
2265 2562 2568 2627 curabat.

411 2586 752 2737 ISJiquidem
783 2652 894 2715 ubi
927 2647 1296 2715 Scottorum
1339 2650 1405 2712 in
1452 2648 1743 2734 praefata
1786 2648 2073 2736 ipsorum
2120 2651 2357 2735 patria,
2410 2673 2567 2737 quo-

415 2739 606 2804 modo
653 2749 719 2804 et
763 2739 1151 2804 Brettonum
1197 2739 1263 2801 in
1309 2739 1452 2823 ipsa
1474 2736 1800 2801 Brittania
1846 2738 2048 2801 uitam
2095 2760 2172 2801 ac
2218 2740 2569 2825 professio-

415 2850 568 2893 nem
598 2830 810 2893 minus
844 2828 1344 2893 ecclesiasticam
1377 2827 1444 2889 in
1472 2827 1690 2891 multis
1724 2848 1865 2891 esse
1902 2828 2231 2911 cognouit,
2279 2830 2573 2893 maxime

413 2914 589 3003 quod
634 2916 911 3002 paschae
958 2916 1454 2981 sollemnitatem
1486 2936 1613 2977 non
1644 2938 1759 2979 suo
1796 2925 2091 3001 tempore
2138 2915 2573 3002 celebrarent,

418 3004 559 3087 sed,
608 3014 680 3069 ut
728 3027 922 3092 supra
968 3004 1329 3086 docuimus,
1378 3024 1416 3065 a
1463 3002 1713 3066 decima
1758 3014 1989 3090 quarta
2034 3003 2188 3069 luna
2232 3027 2447 3091 usque
2496 3005 2579 3071 ad
2699 2998 2700 3001 ¹

416 3096 794 3159 uicesimam
859 3094 1218 3159 dominicae
1281 3093 1767 3156 resurrectionis
1844 3093 2017 3157 diem
2094 3094 2583 3160 obseruandum
2698 3124 2700 3127 ⁴

417 3206 560 3249 esse
606 3192 937 3269 putarent3
985 3182 1241 3267 scripsit
1285 3203 1431 3244 cum
1470 3182 1864 3267 coepiscopis
1898 3183 2028 3245 suis
2061 3181 2583 3251 exhortatoriam

420 3270 504 3336 ad
558 3295 668 3337 eos
724 3272 1091 3360 epistulam:
1166 3270 1509 3334 obsecrans
1560 3292 1669 3333 eos
1718 3278 1783 3333 et
1829 3280 2195 3335 contestans
2257 3276 2586 3338 unitatem

420 3362 596 3446 pacis
645 3370 708 3425 et
757 3362 1109 3427 catholicae
1158 3357 1629 3422 obseruationis
1676 3380 1823 3421 cum
1869 3381 1965 3443 ea,
2017 3381 2183 3445 quae
2228 3368 2373 3425 toto
2424 3364 2583 3428 orbe
2698 3386 2700 3389 ⁴

423 3448 653 3513 diffusa
687 3459 803 3534 est,
841 3450 1116 3515 ecclesia
1146 3445 1392 3511 Christi
1421 3454 1669 3529 tenere3
1715 3448 1895 3511 cuius
1923 3446 2231 3513 uidelicet
2263 3451 2586 3537 epistulae

423 3538 812 3623 principium
861 3539 980 3603 hoc
1032 3545 1158 3600 est:

605 3624 922 3692 ‘Dominis
969 3623 1318 3690 carissimis
1368 3622 1677 3687 fratribus
1725 3626 2043 3710 episcopis
2088 3626 2196 3691 uel
2237 3628 2588 3695 abbatibus

425 3733 543 3797 per
607 3716 978 3779 uniuersam
1039 3710 1360 3778 Scottiam
1425 3709 1841 3799 Laurentius,
1912 3712 2203 3779 Mellitus
2253 3725 2322 3782 et
2369 3718 2590 3784 Iustus

428 3802 742 3887 episcopi,
793 3805 964 3866 serui
1010 3820 1346 3866 seruorum
1396 3798 1515 3864 dei.
