2723 4326
178 229 253 282 v.
294 231 452 285 7—8.
2199 233 2324 299 237
2355 232 2366 243 '

285 406 785 493 Percipiensque
834 407 1047 472 alacer
1092 408 1420 473 rediuiuae
1465 410 1753 494 praemia
1797 410 1987 491 uitae,

366 494 789 561 Barbaricam
838 496 1107 580 rabiem,
1153 519 1385 563 nomen
1435 507 1500 561 et
1546 497 1692 561 inde
1738 519 1922 561 suum

278 583 643 651 Conuersus
690 587 1003 650 conuertit
1052 606 1279 650 ouans:
1331 587 1728 671 Petrumque
1775 588 1995 651 uocari

368 672 636 759 Sergius
681 675 949 740 antistes
995 675 1206 758 iussit,
1248 684 1321 738 ut
1367 675 1505 760 ipse
1550 683 1737 761 pater

280 763 490 827 Fonte
535 765 947 847 renascentia,
996 785 1189 848 quem
1238 761 1480 827 Christi
1525 766 1739 848 gratia
1783 785 2068 850 purgans

368 850 670 915 Protinus
718 851 1004 916 albatum
1049 854 1230 917 uexit
1274 854 1341 915 in
1387 873 1535 916 arce
1584 853 1734 938 poli.

276 940 447 1005 Mira
491 938 651 1005 fides
697 942 891 1025 regia,
940 940 1286 1006 clementia
1332 943 1616 1005 maxima
1663 940 1922 1025 Christi,

368 1028 565 1095 Cuius
612 1030 946 1094 consilium
990 1030 1202 1094 nullus
1247 1029 1426 1095 adire
1473 1033 1716 1115 potest!

276 1116 515 1203 Sospes
560 1120 735 1185 enim
778 1120 1048 1183 ueniens
1096 1141 1393 1205 supremo
1444 1141 1525 1183 ex
1571 1120 1728 1184 orbe
1774 1118 2091 1200 Britanni,

368 1207 494 1271 Per
538 1210 751 1272 uarias
797 1216 1045 1293 gentes,
1094 1230 1211 1294 per
1257 1208 1444 1290 freta,
1494 1229 1737 1294 perque
1784 1210 1942 1291 uias,

277 1296 525 1361 Vrbem
572 1295 949 1361 Romuleam
998 1295 1159 1360 uidit
1204 1297 1648 1384 templumque
1695 1296 2047 1361 uerendum

365 1384 645 1471 Aspexit
690 1384 868 1450 Petri
913 1387 1191 1473 mystica
1236 1385 1405 1451 dona
1450 1408 1702 1471 gerens.

273 1472 605 1541 Candidus
650 1476 817 1539 inter
864 1497 1016 1539 oues
1064 1473 1305 1539 Christi
1352 1475 1675 1541 sociabilis
1721 1476 1867 1540 ibit:
1899 1508 1908 1525 ·

366 1562 651 1649 Corpore
696 1586 846 1628 nam
893 1562 1230 1646 tumulum,
1279 1573 1496 1630 mente
1544 1586 1819 1649 superna
1865 1572 2062 1628 tenet.

276 1652 723 1718 Commutasse
769 1654 978 1736 magis
1027 1661 1429 1738 sceptrorum
1473 1653 1754 1737 insignia
1800 1651 2045 1736 credas,

368 1738 578 1817 Quem
624 1761 900 1826 regnum
945 1740 1187 1807 Christi
1233 1743 1665 1827 promeruisse
1709 1739 1908 1805 uides.

182 1830 323 1895 Hic
370 1829 697 1916 depositus
743 1839 842 1894 est
888 1827 1187 1914 Caedual,
1237 1832 1346 1916 qui
1394 1839 1458 1895 et
1503 1830 1754 1914 Petrus,
1800 1852 1920 1895 rex
1970 1827 2322 1912 Saxonum,

180 1918 308 1985 sub
356 1917 462 1984 die
509 1917 885 1984 duodecimo
931 1918 1377 1984 Kalendarum
1424 1918 1774 2001 Maiarum,
1835 1916 2180 1983 indictione
2225 1940 2322 1982 se-

180 2008 426 2092 cunda3
503 2010 613 2093 qui
681 2010 844 2073 uixit
912 2028 1112 2072 annos
1175 2008 1319 2094 plus
1385 2010 1593 2072 minus
1655 2006 1898 2090 XXX,
1963 2009 2324 2092 imperante

180 2097 423 2161 domno
463 2096 819 2162 Iustiniano
866 2098 1153 2184 piissimo
1195 2094 1512 2183 Auguste,
1561 2118 1730 2163 anno
1778 2098 1914 2161 eius
1961 2097 2325 2161 consulatus

182 2196 451 2272 quarto,
513 2186 929 2273 pontificante
988 2187 1336 2273 apostolico
1399 2189 1538 2252 uiro
1599 2185 1830 2251 domno
1878 2183 2109 2269 Sergio
2156 2207 2326 2271 papa

180 2298 358 2340 anno
406 2276 724 2340 secund0.'

366 2363 667 2429 Abeunte
696 2373 913 2430 autem
936 2365 1209 2430 Romam
1236 2362 1603 2448 Caedualla,
1637 2365 1944 2429 successit
1963 2365 2030 2428 in
2048 2385 2323 2447 regnum

179 2453 291 2518 Ini
338 2452 418 2517 de
464 2455 664 2540 stirpe
722 2455 933 2539 regia3
997 2456 1108 2540 qui
1169 2477 1314 2518 cum
1374 2455 1645 2538 triginta
1705 2462 1777 2518 et
1829 2461 2076 2539 septem
2139 2453 2322 2516 annis

182 2541 532 2627 imperium
577 2544 887 2608 tenuisset
932 2545 1145 2628 gentis
1192 2543 1381 2626 iuius,
1430 2552 1494 2606 et
1546 2545 1686 2629 ipse
1731 2541 1956 2607 relicto
2000 2562 2200 2626 regno
2246 2563 2324 2605 ac

180 2633 624 2695 iuuenioribus
650 2631 1117 2715 commendato,
1150 2631 1231 2695 ad
1262 2632 1486 2696 limina
1516 2633 1852 2696 beatorum
1886 2631 2324 2717 apostolorum

182 2719 513 2804 Gregorio
574 2719 1017 2808 pontificatum
1080 2730 1337 2786 tenente
1398 2719 1726 2807 profectus
1788 2728 1885 2785 est
1945 2721 2209 2805 cupiens
2255 2721 2323 2783 in

180 2811 429 2873 uicinia
470 2821 836 2874 sanctorum
866 2809 1154 2874 locorum
1185 2807 1267 2874 ad
1298 2818 1556 2894 tempus
1586 2811 1987 2896 peregrinari
2017 2812 2084 2872 in
2113 2811 2322 2892 terris,

182 2920 315 2983 quo
362 2898 738 2964 familiarius
769 2921 810 2963 a
839 2901 1076 2964 sanctis
1122 2900 1326 2984 recipi
1372 2908 1729 2964 mereretur
1773 2900 1840 2963 in
1883 2897 2102 2962 caelis:
2153 2894 2324 2984 quod

182 2986 285 3050 his
333 2988 730 3074 temporibus
776 2988 991 3074 plures
1039 2987 1119 3052 de
1166 2996 1364 3072 gente
1394 2987 1776 3074 Anglorum,
1823 2986 2096 3069 nobiles,
2138 2989 2321 3072 igno-

182 3075 379 3160 biles,
426 3077 601 3161 laici,
652 3078 896 3159 clerici,
954 3079 1079 3142 uiri
1124 3099 1202 3141 ac
1246 3077 1524 3142 feminae
1571 3077 1865 3142 certatim
1913 3076 2129 3142 facere
2175 3095 2322 3141 con·

182 3173 472 3230 suerunt.

1224 3345 1283 3409 8.

184 3481 267 3537 vt
312 3483 633 3538 Theodoro
686 3483 981 3540 defuncto
1040 3483 1618 3552 archiepiscopatus
1673 3483 1931 3550 gradum
1981 3480 2320 3537 Beretuald

187 3572 570 3640 susceperit:
612 3570 677 3626 et
702 3571 873 3627 inter
905 3571 1237 3640 plurimoS‚
1278 3586 1432 3640 quos
1470 3570 1814 3644 ordinauit,
1855 3571 2042 3627 etiam
2067 3569 2321 3626 'tobiam

240 3660 446 3715 uirum
484 3660 910 3716 doctissimum
948 3660 1244 3717 Hrofensi
1284 3660 1585 3716 ecclesiae
1623 3660 1852 3716 fecerit
1889 3658 2264 3716 antistitem.

365 3786 555 3852 Anno
608 3796 827 3852 autem
882 3795 1027 3874 post
1084 3787 1279 3869 hunc,
1345 3808 1472 3873 quo
1520 3785 1865 3852 Caedualla
1908 3787 2156 3852 Romae
2207 3785 2315 3852 de·

187 3874 443 3941 functus
490 3884 607 3960 est,
656 3878 971 3963 proximo,
1019 3873 1083 3940 id
1132 3886 1229 3941 est
1261 3874 1563 3942 DC⁰XC⁰
1607 3875 2064 3942 incarnationis
2113 3875 2316 3940 domi-
