2723 4326
388 217 474 281 44
2358 216 2401 272 1.
2442 215 2530 270 27.

388 394 671 480 patitur,
732 394 972 457 iustum
1017 414 1145 456 non
1191 403 1318 477 est,
1381 402 1454 457 ut
1508 395 1803 478 ingressu
1849 393 2159 458 ecclesiae
2213 394 2526 478 priuetur.

384 481 706 547 Nouimus
753 503 1064 568 namque,
1119 479 1291 567 quod
1335 481 1601 565 mulier,
1650 503 1817 567 quae
1860 481 2105 546 fluxum
2151 481 2529 567 patiebatur

385 573 742 657 sanguiniS,
807 582 951 657 post
1013 579 1272 654 tergum
1338 570 1582 636 domini
1640 569 1973 636 humiliter
2024 572 2289 635 ueniens
2337 573 2530 636 uesti-

386 662 590 726 menti
637 661 772 724 cius
819 659 1143 726 fimbriam
1202 661 1422 745 tetigit
1482 671 1673 747 atque
1718 659 1800 724 ab
1849 681 1925 724 ea
1982 659 2201 724 statim
2254 681 2370 723 sua
2430 662 2528 724 in-

385 750 655 816 firmitas
680 751 945 814 recessit
965 746 1147 835 (Luc.
1169 751 1231 832 8,
1253 749 1568 835 43—48).
1622 745 1696 814 Si
1730 770 1885 833 ergo
1905 750 1971 813 in
1996 747 2175 812 fluxu
2200 749 2530 834 sanguinis

387 841 601 927 posita
632 835 1042 903 laudabiliter
1071 839 1282 925 potuit
1305 835 1547 902 domini
1578 839 2034 902 uestimentum
2065 846 2355 922 tangere,
2391 859 2529 923 cur,

389 951 554 1016 quae
602 936 997 992 menstruam
1045 927 1377 1010 sanguinis
1422 928 1695 1013 patitur,
1760 929 1821 992 ei
1866 947 1995 991 non
2045 925 2241 991 liceat
2284 927 2531 990 domini

389 1018 729 1083 ecclesiam
773 1017 1016 1081 intrare
1033 1016 1066 1080 ?
1145 1013 1279 1082 Sed
1323 1015 1513 1080 dicis:
1563 1015 1753 1080 Illam
1795 1015 2137 1080 infirmitas
2184 1016 2527 1102 compulit3

386 1107 504 1172 has
563 1127 718 1170 uero
731 1153 750 1188 ,
815 1103 895 1170 de
953 1104 1185 1192 quibus
1248 1104 1598 1190 loquimur,
1668 1105 2060 1170 consuetudo
2120 1107 2529 1190 constringit.

387 1193 727 1284 Perpende
777 1203 1026 1279 autem,
1089 1194 1289 1259 frater
1345 1195 1709 1277 carissime,
1776 1195 1927 1279 quia
1972 1216 2194 1277 omne,
2241 1192 2414 1280 quod
2459 1196 2527 1258 in

387 1285 509 1351 hac
571 1285 832 1350 mortali
892 1305 1085 1348 carne
1147 1283 1436 1370 patimur
1499 1304 1579 1346 ex
1640 1281 2017 1348 infirmitate
2078 1292 2379 1366 naturae,
2428 1291 2530 1347 est

387 1376 584 1459 digno
633 1371 738 1436 dei
782 1371 1017 1437 iudicio
1063 1382 1212 1458 post
1259 1372 1515 1458 culpam
1563 1372 1947 1437 ordinatum.
2033 1371 2299 1436 Esurire
2344 1391 2525 1436 nam-

390 1486 543 1551 que,
617 1462 823 1545 sitire,
888 1471 1212 1544 aestuare,
1276 1462 1532 1546 algere,
1598 1462 1951 1526 lassescere
2015 1484 2098 1525 ex
2149 1460 2529 1525 infirmitate

387 1563 660 1618 naturae
706 1560 823 1614 est.
915 1549 1004 1614 Et
1052 1550 1206 1637 quid
1253 1561 1348 1614 est
1402 1549 1577 1615 aliud
1624 1559 1852 1616 contra
1904 1549 2142 1615 famem
2198 1550 2527 1634 alimenta,

389 1649 614 1706 contra
674 1641 848 1703 sitim
911 1648 1162 1726 potum,
1219 1650 1445 1704 contra
1487 1650 1738 1704 aestum
1785 1661 2002 1723 auras,
2053 1648 2275 1704 contra
2318 1639 2528 1725 frigus

387 1738 657 1812 uestem,
706 1738 930 1792 contra
974 1729 1417 1794 lassitudinem
1457 1731 1747 1815 requiem
1778 1750 2107 1814 quaerere,
2153 1729 2278 1793 nisi
2324 1726 2525 1792 medi-

388 1827 752 1884 camentum
800 1817 1062 1903 quidem
1111 1828 1338 1884 contra
1382 1816 1821 1904 aegritudines
1869 1818 2252 1904 explorare?
2311 1817 2526 1882 Femi-

387 1931 512 1974 nae
574 1908 794 1993 itaque
841 1915 906 1972 et
951 1916 1318 1972 menstruus
1380 1909 1479 1973 sui
1538 1909 1868 1992 sanguinis
1926 1906 2140 1971 fluxus
2184 1905 2525 1992 aegritudo

389 2006 505 2063 est.
579 1994 652 2063 Si
682 1998 884 2081 igitur
929 1995 1093 2060 bene
1139 1997 1548 2083 praesumsit,
1598 2017 1764 2082 quae
1794 1997 2250 2062 uestimentum
2283 1994 2527 2060 domini

387 2089 456 2152 in
514 2084 822 2171 languore
877 2087 1091 2172 posita
1144 2087 1391 2170 tetigit,
1440 2085 1610 2172 quod
1656 2086 1768 2150 uni
1812 2107 2128 2173 personae
2172 2083 2526 2150 infirmanti

390 2176 784 2260 conceditur,
835 2198 950 2240 cur
994 2197 1120 2240 non
1167 2174 1558 2239 concedatur
1604 2178 1853 2240 cunctis
1900 2175 2305 2259 mulieribus,
2356 2196 2523 2261 quae

387 2276 658 2331 naturae
704 2286 857 2329 suae
905 2266 1062 2328 uitio
1107 2262 1517 2329 infirmantur
1536 2262 1569 2326 ‘s'

567 2351 848 2420 Sanctae
913 2361 1134 2417 autem
1203 2353 1669 2417 communionis
1732 2354 2111 2439 mysterium
2168 2354 2235 2416 in
2282 2351 2528 2417 eisdem

389 2441 614 2509 diebus
660 2444 995 2529 percipere
1040 2464 1170 2507 non
1217 2441 1410 2506 debet
1464 2440 1811 2528 prohiberi.
1906 2439 1979 2507 Si
2024 2450 2244 2506 autem
2290 2464 2374 2505 ex
2419 2463 2527 2505 ue·

387 2535 715 2597 neratione
761 2552 1001 2615 magna
1047 2531 1381 2617 percipere
1425 2551 1554 2595 non
1597 2532 1981 2617 praesumit,
2027 2528 2350 2595 laudanda
2398 2539 2526 2614 est3

389 2620 501 2687 sed
548 2623 603 2685 si
647 2621 1032 2707 perceperit,
1081 2642 1209 2684 non
1256 2616 1618 2686 iudicanda.
1695 2618 2026 2684 Bonarum
2058 2621 2298 2706 quippe
2348 2641 2523 2683 men-

386 2713 552 2775 tium
603 2719 698 2775 est
707 2761 725 2793 ,
777 2718 843 2773 et
887 2710 978 2773 ibi
1023 2710 1239 2794 aliquo
1285 2708 1479 2774 modo
1524 2709 1747 2794 culpas
1794 2731 1938 2773 suas
1986 2730 2366 2792 agnoscere,
2414 2709 2531 2773 ubi

391 2800 580 2886 culpa
625 2821 754 2863 non
800 2806 929 2880 est3
979 2800 1129 2884 quia
1175 2820 1370 2885 saepe
1418 2799 1556 2862 sine
1604 2798 1793 2883 culpa
1838 2799 2080 2883 agitur,
2130 2796 2300 2884 quod
2347 2799 2529 2862 uenit

391 2910 474 2955 ex
521 2888 740 2975 culpa:
791 2884 959 2950 unde
1006 2889 1202 2952 etiam
1247 2909 1395 2952 cum
1442 2888 1779 2971 esurimus,
1828 2889 1966 2951 sine
2012 2886 2202 2973 culpa
2249 2885 2528 2951 comedi-

390 2999 566 3062 mus,
617 2976 848 3062 quibus
895 2998 978 3040 ex
1023 2976 1212 3062 culpa
1256 2978 1452 3062 primi
1494 2975 1770 3040 hominis
1816 2975 2062 3040 factum
2106 2983 2222 3060 est,
2272 2984 2342 3039 ut
2388 2996 2530 3039 esu-

389 3069 650 3132 riamus.
713 3064 1055 3131 Menstrua
1085 3066 1256 3129 enim
1289 3062 1684 3130 consuetudo
1731 3064 2107 3129 mulieribus
2154 3086 2281 3129 non
2312 3065 2531 3151 aliqua

391 3157 581 3242 culpa
627 3164 745 3239 est,
792 3153 1094 3220 uidelicet
1141 3175 1307 3240 quae
1351 3155 1732 3219 naturaliter
1778 3153 2045 3219 accedit.
2134 3150 2266 3219 Sed
2309 3163 2531 3218 tamen

394 3244 564 3332 quod
610 3254 842 3309 natura
886 3246 1028 3330 ipsa
1073 3245 1166 3307 ita
1211 3244 1443 3308 uitiata
1488 3252 1606 3327 est,
1654 3252 1727 3307 ut
1759 3245 1955 3308 etiam
2000 3245 2135 3307 sine
2181 3244 2529 3307 uoluntatis

393 3334 601 3399 studio
646 3331 946 3399 uideatur
978 3355 1120 3397 esse
1152 3331 1416 3418 polluta,
1466 3356 1546 3397 ex
1576 3332 1767 3418 culpa
1796 3335 1975 3398 uenit
2004 3334 2254 3415 uitium,
2300 3334 2381 3396 in.
2400 3353 2529 3418 quo

391 3446 462 3488 se
529 3425 698 3509 ipsa,
770 3422 975 3509 qualis
1041 3444 1161 3507 per
1219 3419 1528 3486 iudicium
1573 3421 1749 3485 facta
1794 3423 1907 3506 sit,
1968 3420 2253 3485 humana
2296 3432 2531 3487 natura

394 3520 760 3596 cognoscat.
832 3510 920 3575 Et
964 3509 1174 3595 hom0,
1224 3511 1336 3595 qui
1377 3509 1632 3596 culpam
1682 3520 1909 3596 sponte
1954 3512 2377 3597 perpetrauit,
2424 3532 2526 3574 re·

391 3612 572 3665 atum
637 3600 862 3686 culpae
928 3609 1138 3685 portet
1209 3600 1470 3663 inuitus.
1564 3596 1783 3684 Atque
1847 3599 1993 3665 ideo
2053 3601 2332 3664 feminae
2380 3621 2529 3664 cum

393 3698 599 3755 semet
628 3690 782 3775 ipsis
815 3689 1237 3771 considerent,
1289 3697 1353 3751 et
1400 3689 1454 3751 si
1486 3690 1553 3751 in
1586 3697 1917 3754 menstrua
1947 3687 2403 3753 consuetudine
2444 3688 2528 3754 ad

395 3786 867 3843 sacramentum
900 3776 1201 3842 dominici
1233 3778 1519 3863 corporis
1562 3785 1625 3841 et
1672 3779 1998 3863 sanguinis
2044 3777 2353 3842 accedere
2398 3799 2529 3843 non

392 3876 826 3955 praesumant,
876 3866 956 3931 de
1003 3888 1120 3931 sua
1164 3875 1345 3931 recta
1392 3863 1901 3932 consideratione
1944 3865 2303 3932 laudandae
2348 3877 2525 3950 sunt3
