<?xml version="1.0" encoding="UTF-8"?>
<!DOCTYPE html PUBLIC "-//W3C//DTD XHTML 1.0 Transitional//EN"
    "http://www.w3.org/TR/xhtml1/DTD/xhtml1-transitional.dtd">
<html xmlns="http://www.w3.org/1999/xhtml" xml:lang="en" lang="en">
 <head>
  <title>
</title>
<meta http-equiv="Content-Type" content="text/html;charset=utf-8" />
  <meta name='ocr-system' content='tesseract 3.04.00' />
  <meta name='ocr-capabilities' content='ocr_page ocr_carea ocr_par ocr_line ocrx_word'/>
</head>
<body>
  <div class='ocr_page' id='page_1' title='image "./historiaecclesi00venegoog_0171.png"; bbox 0 0 2723 4326; ppageno 0'>
   <div class='ocr_carea' id='block_1_1' title="bbox 159 171 2289 268">
    <p class='ocr_par' dir='ltr' id='par_1_1' title="bbox 159 171 2289 268">
     <span class='ocr_line' id='line_1_1' title="bbox 159 171 2289 268; baseline 0.005 -12"><span class='ocrx_word' id='word_1_1' title='bbox 159 205 250 268; x_wconf 78' lang='lat'>111.</span> <span class='ocrx_word' id='word_1_2' title='bbox 289 205 372 258; x_wconf 81' lang='lat'><strong>29.</strong></span> <span class='ocrx_word' id='word_1_3' title='bbox 1167 171 1170 176; x_wconf 34' lang='lat'>¹</span> <span class='ocrx_word' id='word_1_4' title='bbox 2163 203 2289 266; x_wconf 84' lang='lat'><strong>159</strong></span> 
     </span>
    </p>
   </div>
   <div class='ocr_carea' id='block_1_2' title="bbox 156 378 2301 3939">
    <p class='ocr_par' dir='ltr' id='par_1_2' title="bbox 159 378 2293 557">
     <span class='ocr_line' id='line_1_2' title="bbox 161 378 2293 467; baseline -0.001 -20"><span class='ocrx_word' id='word_1_5' title='bbox 161 381 508 447; x_wconf 86' lang='lat' dir='ltr'><strong>catholicos</strong></span> <span class='ocrx_word' id='word_1_6' title='bbox 553 402 668 467; x_wconf 90' lang='lat' dir='ltr'><strong>per</strong></span> <span class='ocrx_word' id='word_1_7' title='bbox 715 402 972 445; x_wconf 90' lang='lat' dir='ltr'><strong>omnem</strong></span> <span class='ocrx_word' id='word_1_8' title='bbox 1015 380 1405 446; x_wconf 79' lang='lat' dir='ltr'><strong>Brittaniam</strong></span> <span class='ocrx_word' id='word_1_9' title='bbox 1455 379 1739 444; x_wconf 88' lang='lat' dir='ltr'><strong>ecclesiis</strong></span> <span class='ocrx_word' id='word_1_10' title='bbox 1786 378 2149 464; x_wconf 87' lang='lat' dir='ltr'><strong>Anglorum</strong></span> <span class='ocrx_word' id='word_1_11' title='bbox 2196 402 2293 445; x_wconf 91' lang='lat' dir='ltr'><strong>or-</strong></span> 
     </span>
     <span class='ocr_line' id='line_1_3' title="bbox 159 471 1032 557; baseline 0 -21"><span class='ocrx_word' id='word_1_12' title='bbox 159 472 379 536; x_wconf 88' lang='lat' dir='ltr'><strong>dinare</strong></span> <span class='ocrx_word' id='word_1_13' title='bbox 426 478 644 557; x_wconf 89' lang='lat' dir='ltr'><strong>posset</strong></span> <span class='ocrx_word' id='word_1_14' title='bbox 689 471 1032 537; x_wconf 73' lang='lat' dir='ltr'><strong>antistites.</strong></span> 
     </span>
    </p>

    <p class='ocr_par' dir='ltr' id='par_1_3' title="bbox 157 557 2297 822">
     <span class='ocr_line' id='line_1_4' title="bbox 331 557 2297 645; baseline -0.001 -22"><span class='ocrx_word' id='word_1_15' title='bbox 331 559 583 623; x_wconf 89' lang='lat' dir='ltr'><strong>Verum</strong></span> <span class='ocrx_word' id='word_1_16' title='bbox 663 557 960 642; x_wconf 88' lang='lat' dir='ltr'><strong>Vighard</strong></span> <span class='ocrx_word' id='word_1_17' title='bbox 1038 558 1312 624; x_wconf 86' lang='lat' dir='ltr'><strong>Romam</strong></span> <span class='ocrx_word' id='word_1_18' title='bbox 1405 559 1786 645; x_wconf 85' lang='lat' dir='ltr'><strong>perueniens</strong></span> <span class='ocrx_word' id='word_1_19' title='bbox 1805 608 1823 641; x_wconf 87' lang='lat'><em>‚</em></span> <span class='ocrx_word' id='word_1_20' title='bbox 1923 557 2297 645; x_wconf 80' lang='lat' dir='ltr'><strong>priusquam</strong></span> 
     </span>
     <span class='ocr_line' id='line_1_5' title="bbox 159 649 2291 735; baseline -0.002 -21"><span class='ocrx_word' id='word_1_21' title='bbox 159 649 523 714; x_wconf 87' lang='lat' dir='ltr'><strong>consecrari</strong></span> <span class='ocrx_word' id='word_1_22' title='bbox 568 649 633 711; x_wconf 89' lang='lat' dir='ltr'><strong>in</strong></span> <span class='ocrx_word' id='word_1_23' title='bbox 681 650 1120 734; x_wconf 89' lang='lat' dir='ltr'><strong>episcopatum</strong></span> <span class='ocrx_word' id='word_1_24' title='bbox 1174 658 1421 735; x_wconf 86' lang='lat' dir='ltr'><strong>posset,</strong></span> <span class='ocrx_word' id='word_1_25' title='bbox 1483 655 1690 711; x_wconf 87' lang='lat' dir='ltr'><strong>morte</strong></span> <span class='ocrx_word' id='word_1_26' title='bbox 1747 655 2130 733; x_wconf 83' lang='lat' dir='ltr'><strong>praereptus</strong></span> <span class='ocrx_word' id='word_1_27' title='bbox 2177 656 2291 730; x_wconf 87' lang='lat' dir='ltr'><strong>est,</strong></span> 
     </span>
     <span class='ocr_line' id='line_1_6' title="bbox 157 735 2289 822; baseline -0.002 -19"><span class='ocrx_word' id='word_1_28' title='bbox 157 748 218 803; x_wconf 92' lang='lat' dir='ltr'><strong>et</strong></span> <span class='ocrx_word' id='word_1_29' title='bbox 247 736 614 803; x_wconf 90' lang='lat' dir='ltr'><strong>huiusmodi</strong></span> <span class='ocrx_word' id='word_1_30' title='bbox 643 735 896 802; x_wconf 81' lang='lat' dir='ltr'><strong>litterae</strong></span> <span class='ocrx_word' id='word_1_31' title='bbox 926 739 1070 822; x_wconf 81' lang='lat' dir='ltr'><strong>regi</strong></span> <span class='ocrx_word' id='word_1_32' title='bbox 1104 735 1306 803; x_wconf 88' lang='lat' dir='ltr'><strong>Osuio</strong></span> <span class='ocrx_word' id='word_1_33' title='bbox 1336 735 1727 801; x_wconf 82' lang='lat' dir='ltr'><strong>Brittaniam</strong></span> <span class='ocrx_word' id='word_1_34' title='bbox 1770 737 2079 800; x_wconf 76' lang='lat' dir='ltr'><strong>remissae</strong></span> <span class='ocrx_word' id='word_1_35' title='bbox 2118 746 2289 800; x_wconf 88' lang='lat' dir='ltr'><strong>sunt:</strong></span> 
     </span>
    </p>

    <p class='ocr_par' dir='ltr' id='par_1_4' title="bbox 159 821 2293 1001">
     <span class='ocr_line' id='line_1_7' title="bbox 336 821 2293 910; baseline 0 -20"><span class='ocrx_word' id='word_1_36' title='bbox 336 827 637 891; x_wconf 86' lang='lat' dir='ltr'><strong>‘Domino</strong></span> <span class='ocrx_word' id='word_1_37' title='bbox 698 825 1040 891; x_wconf 79' lang='lat' dir='ltr'><strong>excellenti</strong></span> <span class='ocrx_word' id='word_1_38' title='bbox 1098 824 1232 891; x_wconf 85' lang='lat' dir='ltr'><strong>filio</strong></span> <span class='ocrx_word' id='word_1_39' title='bbox 1281 823 1486 892; x_wconf 87' lang='lat' dir='ltr'><strong>Osuio</strong></span> <span class='ocrx_word' id='word_1_40' title='bbox 1546 827 1687 910; x_wconf 85' lang='lat' dir='ltr'><strong>regi</strong></span> <span class='ocrx_word' id='word_1_41' title='bbox 1736 821 2067 890; x_wconf 85' lang='lat' dir='ltr'><strong>Saxonum</strong></span> <span class='ocrx_word' id='word_1_42' title='bbox 2112 823 2293 890; x_wconf 87' lang='lat' dir='ltr'><strong>Vita·</strong></span> 
     </span>
     <span class='ocr_line' id='line_1_8' title="bbox 159 914 1594 1001; baseline -0.003 -20"><span class='ocrx_word' id='word_1_43' title='bbox 159 916 368 981; x_wconf 86' lang='lat' dir='ltr'><strong>lianus</strong></span> <span class='ocrx_word' id='word_1_44' title='bbox 417 917 774 1001; x_wconf 86' lang='lat' dir='ltr'><strong>episcopus,</strong></span> <span class='ocrx_word' id='word_1_45' title='bbox 823 937 1045 980; x_wconf 88' lang='lat' dir='ltr'><strong>seruus</strong></span> <span class='ocrx_word' id='word_1_46' title='bbox 1091 937 1426 980; x_wconf 88' lang='lat' dir='ltr'><strong>seruorum</strong></span> <span class='ocrx_word' id='word_1_47' title='bbox 1472 914 1594 980; x_wconf 90' lang='lat' dir='ltr'><strong>dei.</strong></span> 
     </span>
    </p>

    <p class='ocr_par' dir='ltr' id='par_1_5' title="bbox 156 1002 2301 3939">
     <span class='ocr_line' id='line_1_9' title="bbox 331 1002 2289 1088; baseline -0.003 -18"><span class='ocrx_word' id='word_1_48' title='bbox 331 1002 816 1070; x_wconf 84' lang='lat' dir='ltr'><strong>Desiderabiles</strong></span> <span class='ocrx_word' id='word_1_49' title='bbox 847 1005 1098 1070; x_wconf 85' lang='lat' dir='ltr'><strong>litteras</strong></span> <span class='ocrx_word' id='word_1_50' title='bbox 1129 1005 1551 1069; x_wconf 77' lang='lat' dir='ltr'><strong>excellentiae</strong></span> <span class='ocrx_word' id='word_1_51' title='bbox 1583 1011 1839 1067; x_wconf 88' lang='lat' dir='ltr'><strong>uestrae</strong></span> <span class='ocrx_word' id='word_1_52' title='bbox 1868 1003 2289 1088; x_wconf 87' lang='lat' dir='ltr'><strong>suscepimus:</strong></span> 
     </span>
     <span class='ocr_line' id='line_1_10' title="bbox 159 1089 2295 1180; baseline -0.001 -22"><span class='ocrx_word' id='word_1_53' title='bbox 159 1116 316 1180; x_wconf 90' lang='lat' dir='ltr'><strong>quas</strong></span> <span class='ocrx_word' id='word_1_54' title='bbox 382 1093 744 1178; x_wconf 87' lang='lat' dir='ltr'><strong>relegentes</strong></span> <span class='ocrx_word' id='word_1_55' title='bbox 810 1095 1226 1180; x_wconf 88' lang='lat' dir='ltr'><strong>cognouimus</strong></span> <span class='ocrx_word' id='word_1_56' title='bbox 1281 1095 1419 1158; x_wconf 89' lang='lat' dir='ltr'><strong>eius</strong></span> <span class='ocrx_word' id='word_1_57' title='bbox 1465 1093 1822 1180; x_wconf 83' lang='lat' dir='ltr'><strong>piissimam</strong></span> <span class='ocrx_word' id='word_1_58' title='bbox 1886 1089 2295 1156; x_wconf 86' lang='lat' dir='ltr'><strong>deuotionem</strong></span> 
     </span>
     <span class='ocr_line' id='line_1_11' title="bbox 156 1180 2295 1270; baseline -0.001 -24"><span class='ocrx_word' id='word_1_59' title='bbox 156 1183 832 1270; x_wconf 82' lang='lat' dir='ltr'><strong>feruentissimumque</strong></span> <span class='ocrx_word' id='word_1_60' title='bbox 875 1205 1183 1266; x_wconf 88' lang='lat' dir='ltr'><strong>amorem,</strong></span> <span class='ocrx_word' id='word_1_61' title='bbox 1241 1205 1435 1268; x_wconf 88' lang='lat' dir='ltr'><strong>quem</strong></span> <span class='ocrx_word' id='word_1_62' title='bbox 1480 1181 1679 1262; x_wconf 81' lang='lat' dir='ltr'><strong>habet</strong></span> <span class='ocrx_word' id='word_1_63' title='bbox 1723 1190 1989 1267; x_wconf 89' lang='lat' dir='ltr'><strong>propter</strong></span> <span class='ocrx_word' id='word_1_64' title='bbox 2034 1180 2295 1244; x_wconf 86' lang='lat' dir='ltr'><strong>beatam</strong></span> 
     </span>
     <span class='ocr_line' id='line_1_12' title="bbox 156 1269 2295 1358; baseline -0.001 -21"><span class='ocrx_word' id='word_1_65' title='bbox 156 1275 390 1356; x_wconf 83' lang='lat' dir='ltr'><strong>uitam3</strong></span> <span class='ocrx_word' id='word_1_66' title='bbox 453 1282 518 1337; x_wconf 87' lang='lat' dir='ltr'><strong>et</strong></span> <span class='ocrx_word' id='word_1_67' title='bbox 571 1273 724 1358; x_wconf 89' lang='lat' dir='ltr'><strong>quia</strong></span> <span class='ocrx_word' id='word_1_68' title='bbox 779 1273 1048 1338; x_wconf 85' lang='lat' dir='ltr'><strong>dextera</strong></span> <span class='ocrx_word' id='word_1_69' title='bbox 1107 1270 1348 1338; x_wconf 91' lang='lat' dir='ltr'><strong>domini</strong></span> <span class='ocrx_word' id='word_1_70' title='bbox 1406 1279 1787 1358; x_wconf 86' lang='lat' dir='ltr'><strong>protegente</strong></span> <span class='ocrx_word' id='word_1_71' title='bbox 1832 1269 1919 1336; x_wconf 87' lang='lat' dir='ltr'><strong>ad</strong></span> <span class='ocrx_word' id='word_1_72' title='bbox 1962 1290 2185 1334; x_wconf 88' lang='lat' dir='ltr'><strong>ueram</strong></span> <span class='ocrx_word' id='word_1_73' title='bbox 2232 1279 2295 1334; x_wconf 89' lang='lat' dir='ltr'><strong>et</strong></span> 
     </span>
     <span class='ocr_line' id='line_1_13' title="bbox 159 1359 2295 1448; baseline -0.001 -22"><span class='ocrx_word' id='word_1_74' title='bbox 159 1363 576 1448; x_wconf 86' lang='lat' dir='ltr'><strong>apostolicam</strong></span> <span class='ocrx_word' id='word_1_75' title='bbox 641 1361 837 1426; x_wconf 88' lang='lat' dir='ltr'><strong>fidem</strong></span> <span class='ocrx_word' id='word_1_76' title='bbox 907 1363 988 1425; x_wconf 89' lang='lat' dir='ltr'><strong>sit</strong></span> <span class='ocrx_word' id='word_1_77' title='bbox 1057 1384 1403 1426; x_wconf 87' lang='lat' dir='ltr'><strong>conuersus</strong></span> <span class='ocrx_word' id='word_1_78' title='bbox 1412 1412 1430 1445; x_wconf 90' lang='lat'><em>,</em></span> <span class='ocrx_word' id='word_1_79' title='bbox 1498 1380 1789 1446; x_wconf 86' lang='lat' dir='ltr'><strong>sperans,</strong></span> <span class='ocrx_word' id='word_1_80' title='bbox 1854 1359 2021 1424; x_wconf 88' lang='lat' dir='ltr'><strong>sicut</strong></span> <span class='ocrx_word' id='word_1_81' title='bbox 2065 1360 2133 1422; x_wconf 91' lang='lat' dir='ltr'><strong>in</strong></span> <span class='ocrx_word' id='word_1_82' title='bbox 2178 1380 2295 1423; x_wconf 86' lang='lat' dir='ltr'><strong>sua</strong></span> 
     </span>
     <span class='ocr_line' id='line_1_14' title="bbox 159 1449 2291 1534; baseline -0 -20"><span class='ocrx_word' id='word_1_83' title='bbox 159 1459 354 1534; x_wconf 85' lang='lat' dir='ltr'><strong>gente</strong></span> <span class='ocrx_word' id='word_1_84' title='bbox 406 1459 667 1534; x_wconf 87' lang='lat' dir='ltr'><strong>regnat,</strong></span> <span class='ocrx_word' id='word_1_85' title='bbox 724 1451 817 1515; x_wconf 90' lang='lat' dir='ltr'><strong>ita</strong></span> <span class='ocrx_word' id='word_1_86' title='bbox 863 1459 929 1514; x_wconf 88' lang='lat' dir='ltr'><strong>et</strong></span> <span class='ocrx_word' id='word_1_87' title='bbox 973 1473 1121 1515; x_wconf 90' lang='lat' dir='ltr'><strong>cum</strong></span> <span class='ocrx_word' id='word_1_88' title='bbox 1166 1450 1423 1516; x_wconf 85' lang='lat' dir='ltr'><strong>Christo</strong></span> <span class='ocrx_word' id='word_1_89' title='bbox 1470 1449 1552 1515; x_wconf 91' lang='lat' dir='ltr'><strong>de</strong></span> <span class='ocrx_word' id='word_1_90' title='bbox 1596 1449 1811 1514; x_wconf 80' lang='lat' dir='ltr'><strong>futuro</strong></span> <span class='ocrx_word' id='word_1_91' title='bbox 1870 1468 2291 1532; x_wconf 87' lang='lat' dir='ltr'><strong>conregnare.</strong></span> 
     </span>
     <span class='ocr_line' id='line_1_15' title="bbox 159 1534 2296 1625; baseline -0.001 -23"><span class='ocrx_word' id='word_1_92' title='bbox 159 1537 516 1604; x_wconf 86' lang='lat' dir='ltr'><strong>Benedicta</strong></span> <span class='ocrx_word' id='word_1_93' title='bbox 559 1539 757 1622; x_wconf 88' lang='lat' dir='ltr'><strong>igitur</strong></span> <span class='ocrx_word' id='word_1_94' title='bbox 803 1561 984 1624; x_wconf 87' lang='lat' dir='ltr'><strong>gens,</strong></span> <span class='ocrx_word' id='word_1_95' title='bbox 1033 1561 1198 1625; x_wconf 88' lang='lat' dir='ltr'><strong>quae</strong></span> <span class='ocrx_word' id='word_1_96' title='bbox 1244 1539 1441 1604; x_wconf 86' lang='lat' dir='ltr'><strong>talem</strong></span> <span class='ocrx_word' id='word_1_97' title='bbox 1488 1538 2030 1625; x_wconf 86' lang='lat' dir='ltr'><strong>sapientissimum</strong></span> <span class='ocrx_word' id='word_1_98' title='bbox 2081 1547 2146 1602; x_wconf 92' lang='lat' dir='ltr'><strong>et</strong></span> <span class='ocrx_word' id='word_1_99' title='bbox 2192 1534 2296 1600; x_wconf 90' lang='lat' dir='ltr'><strong>dei</strong></span> 
     </span>
     <span class='ocr_line' id='line_1_16' title="bbox 159 1626 2294 1713; baseline -0 -22"><span class='ocrx_word' id='word_1_100' title='bbox 159 1629 471 1692; x_wconf 88' lang='lat' dir='ltr'><strong>cultorem</strong></span> <span class='ocrx_word' id='word_1_101' title='bbox 517 1629 872 1713; x_wconf 86' lang='lat' dir='ltr'><strong>promeruit</strong></span> <span class='ocrx_word' id='word_1_102' title='bbox 917 1627 1160 1692; x_wconf 88' lang='lat' dir='ltr'><strong>habere</strong></span> <span class='ocrx_word' id='word_1_103' title='bbox 1204 1650 1461 1712; x_wconf 87' lang='lat' dir='ltr'><strong>regem:</strong></span> <span class='ocrx_word' id='word_1_104' title='bbox 1533 1629 1685 1713; x_wconf 88' lang='lat' dir='ltr'><strong>quia</strong></span> <span class='ocrx_word' id='word_1_105' title='bbox 1730 1648 1859 1692; x_wconf 94' lang='lat' dir='ltr'><strong>non</strong></span> <span class='ocrx_word' id='word_1_106' title='bbox 1905 1626 2111 1690; x_wconf 89' lang='lat' dir='ltr'><strong>solum</strong></span> <span class='ocrx_word' id='word_1_107' title='bbox 2155 1626 2294 1710; x_wconf 89' lang='lat' dir='ltr'><strong>ipse</strong></span> 
     </span>
     <span class='ocr_line' id='line_1_17' title="bbox 159 1712 2293 1798; baseline -0.001 -18"><span class='ocrx_word' id='word_1_108' title='bbox 159 1715 263 1780; x_wconf 93' lang='lat' dir='ltr'><strong>dei</strong></span> <span class='ocrx_word' id='word_1_109' title='bbox 308 1715 516 1780; x_wconf 83' lang='lat' dir='ltr'><strong>cultor</strong></span> <span class='ocrx_word' id='word_1_110' title='bbox 563 1717 806 1798; x_wconf 84' lang='lat' dir='ltr'><strong>extitit,</strong></span> <span class='ocrx_word' id='word_1_111' title='bbox 863 1715 978 1780; x_wconf 90' lang='lat' dir='ltr'><strong>sed</strong></span> <span class='ocrx_word' id='word_1_112' title='bbox 1023 1718 1217 1782; x_wconf 85' lang='lat' dir='ltr'><strong>etiam</strong></span> <span class='ocrx_word' id='word_1_113' title='bbox 1267 1738 1489 1781; x_wconf 90' lang='lat' dir='ltr'><strong>omnes</strong></span> <span class='ocrx_word' id='word_1_114' title='bbox 1535 1717 1855 1782; x_wconf 88' lang='lat' dir='ltr'><strong>subiectos</strong></span> <span class='ocrx_word' id='word_1_115' title='bbox 1900 1737 2049 1779; x_wconf 88' lang='lat' dir='ltr'><strong>suos</strong></span> <span class='ocrx_word' id='word_1_116' title='bbox 2094 1712 2293 1778; x_wconf 87' lang='lat' dir='ltr'><strong>medi·</strong></span> 
     </span>
     <span class='ocr_line' id='line_1_18' title="bbox 157 1802 2294 1890; baseline -0.001 -21"><span class='ocrx_word' id='word_1_117' title='bbox 157 1814 334 1870; x_wconf 85' lang='lat' dir='ltr'><strong>tatur</strong></span> <span class='ocrx_word' id='word_1_118' title='bbox 381 1803 483 1869; x_wconf 93' lang='lat' dir='ltr'><strong>die</strong></span> <span class='ocrx_word' id='word_1_119' title='bbox 515 1827 592 1869; x_wconf 90' lang='lat' dir='ltr'><strong>ac</strong></span> <span class='ocrx_word' id='word_1_120' title='bbox 621 1815 809 1870; x_wconf 90' lang='lat' dir='ltr'><strong>nocte</strong></span> <span class='ocrx_word' id='word_1_121' title='bbox 853 1803 937 1870; x_wconf 89' lang='lat' dir='ltr'><strong>ad</strong></span> <span class='ocrx_word' id='word_1_122' title='bbox 967 1803 1161 1870; x_wconf 90' lang='lat' dir='ltr'><strong>fidem</strong></span> <span class='ocrx_word' id='word_1_123' title='bbox 1207 1805 1588 1870; x_wconf 83' lang='lat' dir='ltr'><strong>catholicam</strong></span> <span class='ocrx_word' id='word_1_124' title='bbox 1632 1813 1829 1890; x_wconf 87' lang='lat' dir='ltr'><strong>atque</strong></span> <span class='ocrx_word' id='word_1_125' title='bbox 1875 1802 2294 1889; x_wconf 85' lang='lat' dir='ltr'><strong>apostolicam</strong></span> 
     </span>
     <span class='ocr_line' id='line_1_19' title="bbox 159 1891 2292 1980; baseline -0.001 -21"><span class='ocrx_word' id='word_1_126' title='bbox 159 1917 274 1980; x_wconf 90' lang='lat' dir='ltr'><strong>pro</strong></span> <span class='ocrx_word' id='word_1_127' title='bbox 313 1915 467 1959; x_wconf 90' lang='lat' dir='ltr'><strong>suae</strong></span> <span class='ocrx_word' id='word_1_128' title='bbox 511 1895 766 1960; x_wconf 89' lang='lat' dir='ltr'><strong>animae</strong></span> <span class='ocrx_word' id='word_1_129' title='bbox 810 1893 1210 1960; x_wconf 84' lang='lat' dir='ltr'><strong>redemtione</strong></span> <span class='ocrx_word' id='word_1_130' title='bbox 1255 1894 1565 1958; x_wconf 89' lang='lat' dir='ltr'><strong>conuerti.</strong></span> <span class='ocrx_word' id='word_1_131' title='bbox 1620 1891 1791 1970; x_wconf 65' lang='lat' dir='ltr'><strong>,Quis</strong></span> <span class='ocrx_word' id='word_1_132' title='bbox 1825 1893 1993 1956; x_wconf 90' lang='lat' dir='ltr'><strong>enim</strong></span> <span class='ocrx_word' id='word_1_133' title='bbox 2026 1891 2292 1956; x_wconf 85' lang='lat' dir='ltr'><strong>audiens</strong></span> 
     </span>
     <span class='ocr_line' id='line_1_20' title="bbox 159 1980 2293 2066; baseline -0.001 -20"><span class='ocrx_word' id='word_1_134' title='bbox 159 1983 316 2049; x_wconf 89' lang='lat' dir='ltr'><strong>haec</strong></span> <span class='ocrx_word' id='word_1_135' title='bbox 363 1985 589 2048; x_wconf 88' lang='lat' dir='ltr'><strong>suauia</strong></span> <span class='ocrx_word' id='word_1_136' title='bbox 632 2005 761 2048; x_wconf 91' lang='lat' dir='ltr'><strong>non</strong></span> <span class='ocrx_word' id='word_1_137' title='bbox 804 1983 1124 2048; x_wconf 80' lang='lat' dir='ltr'><strong>laetetur?</strong></span> <span class='ocrx_word' id='word_1_138' title='bbox 1231 1981 1392 2061; x_wconf 80' lang='lat' dir='ltr'><strong>Quis</strong></span> <span class='ocrx_word' id='word_1_139' title='bbox 1437 2005 1565 2047; x_wconf 89' lang='lat' dir='ltr'><strong>non</strong></span> <span class='ocrx_word' id='word_1_140' title='bbox 1611 1982 1857 2046; x_wconf 84' lang='lat' dir='ltr'><strong>exultet</strong></span> <span class='ocrx_word' id='word_1_141' title='bbox 1903 1989 1967 2044; x_wconf 86' lang='lat' dir='ltr'><strong>et</strong></span> <span class='ocrx_word' id='word_1_142' title='bbox 2014 1980 2293 2066; x_wconf 87' lang='lat' dir='ltr'><strong>gaudeat</strong></span> 
     </span>
     <span class='ocr_line' id='line_1_21' title="bbox 162 2068 2289 2160; baseline -0.001 -24"><span class='ocrx_word' id='word_1_143' title='bbox 162 2076 226 2138; x_wconf 90' lang='lat' dir='ltr'><strong>in</strong></span> <span class='ocrx_word' id='word_1_144' title='bbox 254 2073 356 2137; x_wconf 83' lang='lat' dir='ltr'><strong>his</strong></span> <span class='ocrx_word' id='word_1_145' title='bbox 402 2074 524 2159; x_wconf 89' lang='lat' dir='ltr'><strong>piis</strong></span> <span class='ocrx_word' id='word_1_146' title='bbox 571 2071 914 2160; x_wconf 82' lang='lat' dir='ltr'><strong>operibus?</strong></span> <span class='ocrx_word' id='word_1_147' title='bbox 999 2070 1167 2150; x_wconf 81' lang='lat' dir='ltr'><strong>Quia</strong></span> <span class='ocrx_word' id='word_1_148' title='bbox 1203 2081 1268 2137; x_wconf 90' lang='lat' dir='ltr'><strong>et</strong></span> <span class='ocrx_word' id='word_1_149' title='bbox 1313 2094 1475 2157; x_wconf 86' lang='lat' dir='ltr'><strong>gens</strong></span> <span class='ocrx_word' id='word_1_150' title='bbox 1519 2080 1739 2136; x_wconf 87' lang='lat' dir='ltr'><strong>uestra</strong></span> <span class='ocrx_word' id='word_1_151' title='bbox 1785 2068 2042 2135; x_wconf 86' lang='lat' dir='ltr'><strong>Christo</strong></span> <span class='ocrx_word' id='word_1_152' title='bbox 2090 2071 2289 2134; x_wconf 91' lang='lat' dir='ltr'><strong>omni-</strong></span> 
     </span>
     <span class='ocr_line' id='line_1_22' title="bbox 162 2157 2293 2249; baseline -0.002 -22"><span class='ocrx_word' id='word_1_153' title='bbox 162 2165 410 2249; x_wconf 88' lang='lat' dir='ltr'><strong>potenti</strong></span> <span class='ocrx_word' id='word_1_154' title='bbox 469 2160 591 2227; x_wconf 90' lang='lat' dir='ltr'><strong>deo</strong></span> <span class='ocrx_word' id='word_1_155' title='bbox 651 2161 921 2228; x_wconf 88' lang='lat' dir='ltr'><strong>credidit</strong></span> <span class='ocrx_word' id='word_1_156' title='bbox 989 2162 1336 2228; x_wconf 86' lang='lat' dir='ltr'><strong>secundum</strong></span> <span class='ocrx_word' id='word_1_157' title='bbox 1403 2161 1767 2227; x_wconf 88' lang='lat' dir='ltr'><strong>diuinorum</strong></span> <span class='ocrx_word' id='word_1_158' title='bbox 1834 2157 2293 2246; x_wconf 88' lang='lat' dir='ltr'><strong>prophetarum</strong></span> 
     </span>
     <span class='ocr_line' id='line_1_23' title="bbox 163 2246 2293 2338; baseline -0.003 -21"><span class='ocrx_word' id='word_1_159' title='bbox 163 2274 376 2333; x_wconf 85' lang='lat' dir='ltr'><strong>uoces,</strong></span> <span class='ocrx_word' id='word_1_160' title='bbox 423 2254 590 2316; x_wconf 87' lang='lat' dir='ltr'><strong>sicut</strong></span> <span class='ocrx_word' id='word_1_161' title='bbox 637 2254 946 2338; x_wconf 89' lang='lat' dir='ltr'><strong>scriptum</strong></span> <span class='ocrx_word' id='word_1_162' title='bbox 992 2261 1090 2317; x_wconf 91' lang='lat' dir='ltr'><strong>est</strong></span> <span class='ocrx_word' id='word_1_163' title='bbox 1135 2253 1204 2316; x_wconf 90' lang='lat' dir='ltr'><strong>in</strong></span> <span class='ocrx_word' id='word_1_164' title='bbox 1250 2251 1422 2316; x_wconf 89' lang='lat' dir='ltr'><strong>Isaia</strong></span> <span class='ocrx_word' id='word_1_165' title='bbox 1468 2248 1602 2337; x_wconf 89' lang='lat'><strong>(11,</strong></span> <span class='ocrx_word' id='word_1_166' title='bbox 1654 2247 1801 2335; x_wconf 89' lang='lat'>10):</span> <span class='ocrx_word' id='word_1_167' title='bbox 1869 2246 1988 2335; x_wconf 79' lang='lat' dir='ltr'><strong>„In</strong></span> <span class='ocrx_word' id='word_1_168' title='bbox 2033 2248 2139 2313; x_wconf 90' lang='lat' dir='ltr'><strong>die</strong></span> <span class='ocrx_word' id='word_1_169' title='bbox 2183 2248 2293 2312; x_wconf 90' lang='lat' dir='ltr'><strong>illa</strong></span> 
     </span>
     <span class='ocr_line' id='line_1_24' title="bbox 161 2338 2295 2427; baseline -0.001 -23"><span class='ocrx_word' id='word_1_170' title='bbox 161 2340 342 2406; x_wconf 81' lang='lat' dir='ltr'><strong>radix</strong></span> <span class='ocrx_word' id='word_1_171' title='bbox 374 2339 571 2424; x_wconf 86' lang='lat' dir='ltr'><strong>Iesse,</strong></span> <span class='ocrx_word' id='word_1_172' title='bbox 620 2343 730 2426; x_wconf 88' lang='lat' dir='ltr'><strong>qui</strong></span> <span class='ocrx_word' id='word_1_173' title='bbox 773 2350 902 2405; x_wconf 84' lang='lat' dir='ltr'><strong>stat</strong></span> <span class='ocrx_word' id='word_1_174' title='bbox 945 2341 1013 2405; x_wconf 88' lang='lat' dir='ltr'><strong>in</strong></span> <span class='ocrx_word' id='word_1_175' title='bbox 1058 2343 1313 2427; x_wconf 86' lang='lat' dir='ltr'><strong>signum</strong></span> <span class='ocrx_word' id='word_1_176' title='bbox 1359 2340 1765 2426; x_wconf 84' lang='lat' dir='ltr'><strong>populorum,</strong></span> <span class='ocrx_word' id='word_1_177' title='bbox 1811 2338 2023 2424; x_wconf 91' lang='lat' dir='ltr'><strong>ipsum</strong></span> <span class='ocrx_word' id='word_1_178' title='bbox 2070 2346 2295 2422; x_wconf 86' lang='lat' dir='ltr'><strong>gentes</strong></span> 
     </span>
     <span class='ocr_line' id='line_1_25' title="bbox 161 2425 2291 2517; baseline -0.003 -22"><span class='ocrx_word' id='word_1_179' title='bbox 161 2428 737 2517; x_wconf 85' lang='lat' dir='ltr'><strong>deprecabuntur.“</strong></span> <span class='ocrx_word' id='word_1_180' title='bbox 801 2429 892 2493; x_wconf 86' lang='lat' dir='ltr'><strong>Et</strong></span> <span class='ocrx_word' id='word_1_181' title='bbox 937 2430 1171 2495; x_wconf 90' lang='lat' dir='ltr'><strong>iterum</strong></span> <span class='ocrx_word' id='word_1_182' title='bbox 1219 2427 1353 2515; x_wconf 89' lang='lat'><strong>(49,</strong></span> <span class='ocrx_word' id='word_1_183' title='bbox 1393 2427 1489 2515; x_wconf 84' lang='lat'><strong>1):</strong></span> <span class='ocrx_word' id='word_1_184' title='bbox 1542 2427 1823 2517; x_wconf 79' lang='lat' dir='ltr'><strong>„Audite</strong></span> <span class='ocrx_word' id='word_1_185' title='bbox 1869 2426 2133 2508; x_wconf 87' lang='lat' dir='ltr'><strong>insulae,</strong></span> <span class='ocrx_word' id='word_1_186' title='bbox 2183 2425 2291 2490; x_wconf 90' lang='lat' dir='ltr'><strong>ad-</strong></span> 
     </span>
     <span class='ocr_line' id='line_1_26' title="bbox 161 2512 2293 2606; baseline -0.002 -23"><span class='ocrx_word' id='word_1_187' title='bbox 161 2520 404 2585; x_wconf 85' lang='lat' dir='ltr'><strong>tendite</strong></span> <span class='ocrx_word' id='word_1_188' title='bbox 467 2518 688 2606; x_wconf 88' lang='lat' dir='ltr'><strong>populi</strong></span> <span class='ocrx_word' id='word_1_189' title='bbox 752 2517 833 2583; x_wconf 88' lang='lat' dir='ltr'><strong>de</strong></span> <span class='ocrx_word' id='word_1_190' title='bbox 894 2516 1152 2603; x_wconf 85' lang='lat' dir='ltr'><strong>longe.“</strong></span> <span class='ocrx_word' id='word_1_191' title='bbox 1247 2520 1336 2583; x_wconf 91' lang='lat' dir='ltr'><strong>Et</strong></span> <span class='ocrx_word' id='word_1_192' title='bbox 1406 2528 1553 2605; x_wconf 88' lang='lat' dir='ltr'><strong>post</strong></span> <span class='ocrx_word' id='word_1_193' title='bbox 1616 2517 1949 2605; x_wconf 87' lang='lat' dir='ltr'><strong>paululum</strong></span> <span class='ocrx_word' id='word_1_194' title='bbox 2010 2513 2144 2601; x_wconf 89' lang='lat'><strong>(49,</strong></span> <span class='ocrx_word' id='word_1_195' title='bbox 2195 2512 2293 2601; x_wconf 87' lang='lat'><strong>6):</strong></span> 
     </span>
     <span class='ocr_line' id='line_1_27' title="bbox 166 2602 2297 2694; baseline -0.003 -21"><span class='ocrx_word' id='word_1_196' title='bbox 166 2604 481 2693; x_wconf 83' lang='lat' dir='ltr'><strong>„Parum“</strong></span> <span class='ocrx_word' id='word_1_197' title='bbox 546 2608 752 2693; x_wconf 88' lang='lat' dir='ltr'><strong>inquit</strong></span> <span class='ocrx_word' id='word_1_198' title='bbox 817 2616 981 2694; x_wconf 84' lang='lat' dir='ltr'><strong>„est‚</strong></span> <span class='ocrx_word' id='word_1_199' title='bbox 1043 2616 1117 2672; x_wconf 90' lang='lat' dir='ltr'><strong>ut</strong></span> <span class='ocrx_word' id='word_1_200' title='bbox 1164 2608 1322 2671; x_wconf 89' lang='lat' dir='ltr'><strong>mihi</strong></span> <span class='ocrx_word' id='word_1_201' title='bbox 1372 2610 1457 2672; x_wconf 90' lang='lat' dir='ltr'><strong>sis</strong></span> <span class='ocrx_word' id='word_1_202' title='bbox 1504 2629 1726 2671; x_wconf 89' lang='lat' dir='ltr'><strong>seruus</strong></span> <span class='ocrx_word' id='word_1_203' title='bbox 1774 2604 1854 2670; x_wconf 89' lang='lat' dir='ltr'><strong>ad</strong></span> <span class='ocrx_word' id='word_1_204' title='bbox 1900 2602 2297 2669; x_wconf 88' lang='lat' dir='ltr'><strong>suscitandas</strong></span> 
     </span>
     <span class='ocr_line' id='line_1_28' title="bbox 162 2692 2299 2762; baseline -0.002 -1"><span class='ocrx_word' id='word_1_205' title='bbox 162 2697 366 2761; x_wconf 88' lang='lat' dir='ltr'><strong>tribus</strong></span> <span class='ocrx_word' id='word_1_206' title='bbox 409 2695 609 2762; x_wconf 87' lang='lat' dir='ltr'><strong>Iacob</strong></span> <span class='ocrx_word' id='word_1_207' title='bbox 669 2706 734 2760; x_wconf 92' lang='lat' dir='ltr'><strong>et</strong></span> <span class='ocrx_word' id='word_1_208' title='bbox 789 2697 1003 2762; x_wconf 86' lang='lat' dir='ltr'><strong>faeces</strong></span> <span class='ocrx_word' id='word_1_209' title='bbox 1047 2696 1253 2761; x_wconf 89' lang='lat' dir='ltr'><strong>Israel</strong></span> <span class='ocrx_word' id='word_1_210' title='bbox 1310 2695 1793 2762; x_wconf 87' lang='lat' dir='ltr'><strong>conuertendas.</strong></span> <span class='ocrx_word' id='word_1_211' title='bbox 1885 2692 2059 2758; x_wconf 90' lang='lat' dir='ltr'><strong>Dedi</strong></span> <span class='ocrx_word' id='word_1_212' title='bbox 2111 2702 2177 2757; x_wconf 90' lang='lat' dir='ltr'><strong>te</strong></span> <span class='ocrx_word' id='word_1_213' title='bbox 2229 2695 2299 2757; x_wconf 91' lang='lat' dir='ltr'><strong>in</strong></span> 
     </span>
     <span class='ocr_line' id='line_1_29' title="bbox 163 2782 2297 2871; baseline -0.001 -23"><span class='ocrx_word' id='word_1_214' title='bbox 163 2785 370 2850; x_wconf 91' lang='lat' dir='ltr'><strong>lucem</strong></span> <span class='ocrx_word' id='word_1_215' title='bbox 434 2788 756 2870; x_wconf 87' lang='lat' dir='ltr'><strong>gentium,</strong></span> <span class='ocrx_word' id='word_1_216' title='bbox 838 2795 913 2851; x_wconf 90' lang='lat' dir='ltr'><strong>ut</strong></span> <span class='ocrx_word' id='word_1_217' title='bbox 969 2787 1058 2851; x_wconf 86' lang='lat' dir='ltr'><strong>sis</strong></span> <span class='ocrx_word' id='word_1_218' title='bbox 1119 2785 1286 2851; x_wconf 89' lang='lat' dir='ltr'><strong>salus</strong></span> <span class='ocrx_word' id='word_1_219' title='bbox 1345 2808 1491 2851; x_wconf 90' lang='lat' dir='ltr'><strong>mea</strong></span> <span class='ocrx_word' id='word_1_220' title='bbox 1550 2806 1754 2871; x_wconf 85' lang='lat' dir='ltr'><strong>usque</strong></span> <span class='ocrx_word' id='word_1_221' title='bbox 1813 2782 1895 2847; x_wconf 86' lang='lat' dir='ltr'><strong>ad</strong></span> <span class='ocrx_word' id='word_1_222' title='bbox 1953 2784 2297 2848; x_wconf 87' lang='lat' dir='ltr'><strong>extrimum</strong></span> 
     </span>
     <span class='ocr_line' id='line_1_30' title="bbox 163 2870 2294 2961; baseline -0.001 -24"><span class='ocrx_word' id='word_1_223' title='bbox 163 2870 434 2941; x_wconf 86' lang='lat' dir='ltr'><strong>terrae.“</strong></span> <span class='ocrx_word' id='word_1_224' title='bbox 529 2873 616 2939; x_wconf 88' lang='lat' dir='ltr'><strong>Et</strong></span> <span class='ocrx_word' id='word_1_225' title='bbox 662 2896 918 2939; x_wconf 84' lang='lat' dir='ltr'><strong>rursum</strong></span> <span class='ocrx_word' id='word_1_226' title='bbox 965 2872 1102 2961; x_wconf 87' lang='lat'><strong>(49,</strong></span> <span class='ocrx_word' id='word_1_227' title='bbox 1157 2872 1255 2960; x_wconf 87' lang='lat'><strong>7):</strong></span> <span class='ocrx_word' id='word_1_228' title='bbox 1366 2875 1581 2959; x_wconf 85' lang='lat' dir='ltr'><strong>Reges</strong></span> <span class='ocrx_word' id='word_1_229' title='bbox 1648 2872 1961 2938; x_wconf 88' lang='lat' dir='ltr'><strong>uidebunt</strong></span> <span class='ocrx_word' id='word_1_230' title='bbox 2024 2882 2089 2937; x_wconf 91' lang='lat' dir='ltr'><strong>et</strong></span> <span class='ocrx_word' id='word_1_231' title='bbox 2148 2894 2294 2936; x_wconf 89' lang='lat' dir='ltr'><strong>con-</strong></span> 
     </span>
     <span class='ocr_line' id='line_1_31' title="bbox 163 2925 2296 3050; baseline 0 -24"><span class='ocrx_word' id='word_1_232' title='bbox 163 2971 424 3049; x_wconf 87' lang='lat' dir='ltr'><strong>surgent</strong></span> <span class='ocrx_word' id='word_1_233' title='bbox 468 2965 791 3049; x_wconf 89' lang='lat' dir='ltr'><strong>principes</strong></span> <span class='ocrx_word' id='word_1_234' title='bbox 839 2974 904 3028; x_wconf 92' lang='lat' dir='ltr'><strong>et</strong></span> <span class='ocrx_word' id='word_1_235' title='bbox 945 2925 1368 3029; x_wconf 44' lang='lat' dir='ltr'><strong>adorabuntss‘</strong></span> <span class='ocrx_word' id='word_1_236' title='bbox 1446 2964 1535 3028; x_wconf 89' lang='lat' dir='ltr'><strong>Et</strong></span> <span class='ocrx_word' id='word_1_237' title='bbox 1578 2971 1728 3050; x_wconf 88' lang='lat' dir='ltr'><strong>post</strong></span> <span class='ocrx_word' id='word_1_238' title='bbox 1783 2960 2115 3048; x_wconf 89' lang='lat' dir='ltr'><strong>possillum</strong></span> <span class='ocrx_word' id='word_1_239' title='bbox 2160 2962 2296 3043; x_wconf 78' lang='lat'><strong>(49,</strong></span> 
     </span>
     <span class='ocr_line' id='line_1_32' title="bbox 164 3049 2299 3140; baseline -0.002 -22"><span class='ocrx_word' id='word_1_240' title='bbox 164 3049 393 3139; x_wconf 80' lang='lat'>8--9):</span> <span class='ocrx_word' id='word_1_241' title='bbox 459 3050 675 3137; x_wconf 79' lang='lat' dir='ltr'><strong>„Dedi</strong></span> <span class='ocrx_word' id='word_1_242' title='bbox 718 3060 784 3117; x_wconf 91' lang='lat' dir='ltr'><strong>te</strong></span> <span class='ocrx_word' id='word_1_243' title='bbox 827 3054 896 3118; x_wconf 92' lang='lat' dir='ltr'><strong>in</strong></span> <span class='ocrx_word' id='word_1_244' title='bbox 939 3051 1164 3117; x_wconf 84' lang='lat' dir='ltr'><strong>foedus</strong></span> <span class='ocrx_word' id='word_1_245' title='bbox 1211 3053 1434 3140; x_wconf 90' lang='lat' dir='ltr'><strong>populi</strong></span> <span class='ocrx_word' id='word_1_246' title='bbox 1445 3102 1463 3135; x_wconf 89' lang='lat'><em>,</em></span> <span class='ocrx_word' id='word_1_247' title='bbox 1523 3061 1595 3117; x_wconf 90' lang='lat' dir='ltr'><strong>ut</strong></span> <span class='ocrx_word' id='word_1_248' title='bbox 1656 3052 1995 3115; x_wconf 88' lang='lat' dir='ltr'><strong>suscitares</strong></span> <span class='ocrx_word' id='word_1_249' title='bbox 2055 3058 2299 3114; x_wconf 87' lang='lat' dir='ltr'><strong>terram</strong></span> 
     </span>
     <span class='ocr_line' id='line_1_33' title="bbox 164 3138 2298 3229; baseline -0.003 -22"><span class='ocrx_word' id='word_1_250' title='bbox 164 3151 225 3207; x_wconf 91' lang='lat' dir='ltr'><strong>et</strong></span> <span class='ocrx_word' id='word_1_251' title='bbox 280 3140 645 3228; x_wconf 87' lang='lat' dir='ltr'><strong>possideres</strong></span> <span class='ocrx_word' id='word_1_252' title='bbox 704 3139 1096 3206; x_wconf 86' lang='lat' dir='ltr'><strong>hereditates</strong></span> <span class='ocrx_word' id='word_1_253' title='bbox 1157 3142 1499 3229; x_wconf 85' lang='lat' dir='ltr'><strong>dissipatas</strong></span> <span class='ocrx_word' id='word_1_254' title='bbox 1562 3149 1625 3205; x_wconf 90' lang='lat' dir='ltr'><strong>et</strong></span> <span class='ocrx_word' id='word_1_255' title='bbox 1684 3138 1929 3205; x_wconf 89' lang='lat' dir='ltr'><strong>diceres</strong></span> <span class='ocrx_word' id='word_1_256' title='bbox 1988 3138 2115 3221; x_wconf 87' lang='lat' dir='ltr'><strong>his,</strong></span> <span class='ocrx_word' id='word_1_257' title='bbox 2187 3140 2298 3223; x_wconf 89' lang='lat' dir='ltr'><strong>qui</strong></span> 
     </span>
     <span class='ocr_line' id='line_1_34' title="bbox 163 3223 2291 3315; baseline -0.003 -20"><span class='ocrx_word' id='word_1_258' title='bbox 163 3231 362 3295; x_wconf 90' lang='lat' dir='ltr'><strong>uincti</strong></span> <span class='ocrx_word' id='word_1_259' title='bbox 405 3239 580 3294; x_wconf 89' lang='lat' dir='ltr'><strong>sunt:</strong></span> <span class='ocrx_word' id='word_1_260' title='bbox 630 3229 866 3295; x_wconf 83' lang='lat' dir='ltr'><strong>‘Exite&#39;</strong></span> <span class='ocrx_word' id='word_1_261' title='bbox 913 3239 978 3294; x_wconf 90' lang='lat' dir='ltr'><strong>et</strong></span> <span class='ocrx_word' id='word_1_262' title='bbox 1007 3229 1127 3311; x_wconf 89' lang='lat' dir='ltr'><strong>his,</strong></span> <span class='ocrx_word' id='word_1_263' title='bbox 1177 3232 1289 3315; x_wconf 88' lang='lat' dir='ltr'><strong>qui</strong></span> <span class='ocrx_word' id='word_1_264' title='bbox 1320 3233 1388 3294; x_wconf 92' lang='lat' dir='ltr'><strong>in</strong></span> <span class='ocrx_word' id='word_1_265' title='bbox 1420 3230 1730 3295; x_wconf 89' lang='lat' dir='ltr'><strong>tenebris:</strong></span> <span class='ocrx_word' id='word_1_266' title='bbox 1783 3223 2291 3292; x_wconf 84' lang='lat' dir='ltr'><strong>‘Reuelamini.&#39;“</strong></span> 
     </span>
     <span class='ocr_line' id='line_1_35' title="bbox 162 3315 2299 3406; baseline -0.003 -23"><span class='ocrx_word' id='word_1_267' title='bbox 162 3319 247 3384; x_wconf 85' lang='lat' dir='ltr'><strong>Et</strong></span> <span class='ocrx_word' id='word_1_268' title='bbox 289 3340 545 3385; x_wconf 86' lang='lat' dir='ltr'><strong>rursum</strong></span> <span class='ocrx_word' id='word_1_269' title='bbox 577 3316 715 3405; x_wconf 84' lang='lat'><strong>(42,</strong></span> <span class='ocrx_word' id='word_1_270' title='bbox 743 3316 973 3405; x_wconf 83' lang='lat'>6—7):</span> <span class='ocrx_word' id='word_1_271' title='bbox 1025 3318 1213 3406; x_wconf 79' lang='lat' dir='ltr'><strong>„Ego</strong></span> <span class='ocrx_word' id='word_1_272' title='bbox 1261 3318 1555 3383; x_wconf 87' lang='lat' dir='ltr'><strong>dominus</strong></span> <span class='ocrx_word' id='word_1_273' title='bbox 1599 3318 1830 3383; x_wconf 89' lang='lat' dir='ltr'><strong>uocaui</strong></span> <span class='ocrx_word' id='word_1_274' title='bbox 1860 3325 1925 3381; x_wconf 86' lang='lat' dir='ltr'><strong>te</strong></span> <span class='ocrx_word' id='word_1_275' title='bbox 1956 3317 2023 3379; x_wconf 91' lang='lat' dir='ltr'><strong>in</strong></span> <span class='ocrx_word' id='word_1_276' title='bbox 2052 3315 2299 3379; x_wconf 88' lang='lat' dir='ltr'><strong>iustitia</strong></span> 
     </span>
     <span class='ocr_line' id='line_1_36' title="bbox 165 3402 2301 3496; baseline -0.003 -24"><span class='ocrx_word' id='word_1_277' title='bbox 165 3417 226 3472; x_wconf 88' lang='lat' dir='ltr'><strong>et</strong></span> <span class='ocrx_word' id='word_1_278' title='bbox 283 3406 683 3496; x_wconf 84' lang='lat' dir='ltr'><strong>adprehendi</strong></span> <span class='ocrx_word' id='word_1_279' title='bbox 759 3429 1022 3473; x_wconf 91' lang='lat' dir='ltr'><strong>manum</strong></span> <span class='ocrx_word' id='word_1_280' title='bbox 1083 3416 1262 3472; x_wconf 91' lang='lat' dir='ltr'><strong>tuam</strong></span> <span class='ocrx_word' id='word_1_281' title='bbox 1323 3416 1389 3473; x_wconf 90' lang='lat' dir='ltr'><strong>et</strong></span> <span class='ocrx_word' id='word_1_282' title='bbox 1448 3409 1701 3475; x_wconf 85' lang='lat' dir='ltr'><strong>seruaui</strong></span> <span class='ocrx_word' id='word_1_283' title='bbox 1770 3415 1834 3471; x_wconf 89' lang='lat' dir='ltr'><strong>et</strong></span> <span class='ocrx_word' id='word_1_284' title='bbox 1894 3402 2043 3469; x_wconf 89' lang='lat' dir='ltr'><strong>dedi</strong></span> <span class='ocrx_word' id='word_1_285' title='bbox 2101 3412 2170 3467; x_wconf 88' lang='lat' dir='ltr'><strong>te</strong></span> <span class='ocrx_word' id='word_1_286' title='bbox 2232 3404 2301 3467; x_wconf 90' lang='lat' dir='ltr'><strong>in</strong></span> 
     </span>
     <span class='ocr_line' id='line_1_37' title="bbox 163 3493 2295 3583; baseline -0.002 -23"><span class='ocrx_word' id='word_1_287' title='bbox 163 3496 384 3563; x_wconf 86' lang='lat' dir='ltr'><strong>foedus</strong></span> <span class='ocrx_word' id='word_1_288' title='bbox 427 3498 670 3583; x_wconf 88' lang='lat' dir='ltr'><strong>populi,</strong></span> <span class='ocrx_word' id='word_1_289' title='bbox 717 3498 786 3561; x_wconf 90' lang='lat' dir='ltr'><strong>in</strong></span> <span class='ocrx_word' id='word_1_290' title='bbox 827 3496 1038 3561; x_wconf 87' lang='lat' dir='ltr'><strong>lucem</strong></span> <span class='ocrx_word' id='word_1_291' title='bbox 1083 3498 1396 3581; x_wconf 86' lang='lat' dir='ltr'><strong>gentium,</strong></span> <span class='ocrx_word' id='word_1_292' title='bbox 1443 3505 1516 3561; x_wconf 92' lang='lat' dir='ltr'><strong>ut</strong></span> <span class='ocrx_word' id='word_1_293' title='bbox 1560 3497 1843 3583; x_wconf 87' lang='lat' dir='ltr'><strong>aperires</strong></span> <span class='ocrx_word' id='word_1_294' title='bbox 1891 3493 2106 3557; x_wconf 90' lang='lat' dir='ltr'><strong>oculos</strong></span> <span class='ocrx_word' id='word_1_295' title='bbox 2155 3514 2295 3556; x_wconf 88' lang='lat' dir='ltr'><strong>cae-</strong></span> 
     </span>
     <span class='ocr_line' id='line_1_38' title="bbox 169 3580 2297 3666; baseline -0.001 -19"><span class='ocrx_word' id='word_1_296' title='bbox 169 3606 384 3651; x_wconf 91' lang='lat' dir='ltr'><strong>corum</strong></span> <span class='ocrx_word' id='word_1_297' title='bbox 457 3596 525 3651; x_wconf 90' lang='lat' dir='ltr'><strong>et.</strong></span> <span class='ocrx_word' id='word_1_298' title='bbox 580 3584 886 3651; x_wconf 86' lang='lat' dir='ltr'><strong>educeres</strong></span> <span class='ocrx_word' id='word_1_299' title='bbox 946 3585 1028 3650; x_wconf 91' lang='lat' dir='ltr'><strong>de</strong></span> <span class='ocrx_word' id='word_1_300' title='bbox 1089 3586 1497 3651; x_wconf 88' lang='lat' dir='ltr'><strong>conclusione</strong></span> <span class='ocrx_word' id='word_1_301' title='bbox 1580 3587 1899 3666; x_wconf 86' lang='lat' dir='ltr'><strong>uinctum,</strong></span> <span class='ocrx_word' id='word_1_302' title='bbox 1968 3580 2048 3646; x_wconf 91' lang='lat' dir='ltr'><strong>de</strong></span> <span class='ocrx_word' id='word_1_303' title='bbox 2106 3580 2297 3646; x_wconf 88' lang='lat' dir='ltr'><strong>domo</strong></span> 
     </span>
     <span class='ocr_line' id='line_1_39' title="bbox 167 3668 2296 3760; baseline -0.001 -24"><span class='ocrx_word' id='word_1_304' title='bbox 167 3676 440 3741; x_wconf 88' lang='lat' dir='ltr'><strong>carceris</strong></span> <span class='ocrx_word' id='word_1_305' title='bbox 486 3673 779 3739; x_wconf 85' lang='lat' dir='ltr'><strong>sedentes</strong></span> <span class='ocrx_word' id='word_1_306' title='bbox 823 3676 892 3739; x_wconf 89' lang='lat' dir='ltr'><strong>in</strong></span> <span class='ocrx_word' id='word_1_307' title='bbox 938 3673 1279 3740; x_wconf 86' lang='lat' dir='ltr'><strong>tenebris.“</strong></span> <span class='ocrx_word' id='word_1_308' title='bbox 1355 3673 1558 3760; x_wconf 86' lang='lat' dir='ltr'><strong>Ecce,</strong></span> <span class='ocrx_word' id='word_1_309' title='bbox 1609 3672 2141 3739; x_wconf 82' lang='lat' dir='ltr'><strong>excellentissime</strong></span> <span class='ocrx_word' id='word_1_310' title='bbox 2184 3668 2296 3754; x_wconf 87' lang='lat' dir='ltr'><strong>fili,</strong></span> 
     </span>
     <span class='ocr_line' id='line_1_40' title="bbox 169 3758 2299 3849; baseline -0.003 -20"><span class='ocrx_word' id='word_1_311' title='bbox 169 3784 358 3849; x_wconf 89' lang='lat' dir='ltr'><strong>quam</strong></span> <span class='ocrx_word' id='word_1_312' title='bbox 400 3762 546 3828; x_wconf 87' lang='lat' dir='ltr'><strong>luce</strong></span> <span class='ocrx_word' id='word_1_313' title='bbox 591 3764 823 3827; x_wconf 89' lang='lat' dir='ltr'><strong>clarius</strong></span> <span class='ocrx_word' id='word_1_314' title='bbox 870 3772 988 3849; x_wconf 87' lang='lat' dir='ltr'><strong>est,</strong></span> <span class='ocrx_word' id='word_1_315' title='bbox 1036 3786 1164 3829; x_wconf 91' lang='lat' dir='ltr'><strong>non</strong></span> <span class='ocrx_word' id='word_1_316' title='bbox 1211 3765 1416 3829; x_wconf 95' lang='lat' dir='ltr'><strong>solum</strong></span> <span class='ocrx_word' id='word_1_317' title='bbox 1462 3762 1541 3828; x_wconf 92' lang='lat' dir='ltr'><strong>de</strong></span> <span class='ocrx_word' id='word_1_318' title='bbox 1586 3764 1791 3847; x_wconf 88' lang='lat' dir='ltr'><strong>uobis,</strong></span> <span class='ocrx_word' id='word_1_319' title='bbox 1841 3758 1956 3826; x_wconf 88' lang='lat' dir='ltr'><strong>sed</strong></span> <span class='ocrx_word' id='word_1_320' title='bbox 1988 3763 2185 3825; x_wconf 88' lang='lat' dir='ltr'><strong>etiam</strong></span> <span class='ocrx_word' id='word_1_321' title='bbox 2218 3758 2299 3824; x_wconf 84' lang='lat' dir='ltr'><strong>de</strong></span> 
     </span>
     <span class='ocr_line' id='line_1_41' title="bbox 172 3848 2298 3939; baseline -0.002 -22"><span class='ocrx_word' id='word_1_322' title='bbox 172 3851 461 3921; x_wconf 68' lang='lat' dir='ltr'><strong>omnibus</strong></span> <span class='ocrx_word' id='word_1_323' title='bbox 518 3850 979 3939; x_wconf 79' lang='lat' dir='ltr'><strong>prophetatum</strong></span> <span class='ocrx_word' id='word_1_324' title='bbox 1041 3853 1370 3938; x_wconf 85' lang='lat' dir='ltr'><strong>gentibus,</strong></span> <span class='ocrx_word' id='word_1_325' title='bbox 1436 3852 1602 3939; x_wconf 90' lang='lat' dir='ltr'><strong>quod</strong></span> <span class='ocrx_word' id='word_1_326' title='bbox 1650 3854 1778 3918; x_wconf 89' lang='lat' dir='ltr'><strong>sint</strong></span> <span class='ocrx_word' id='word_1_327' title='bbox 1824 3848 2187 3917; x_wconf 87' lang='lat' dir='ltr'><strong>crediturae</strong></span> <span class='ocrx_word' id='word_1_328' title='bbox 2232 3850 2298 3913; x_wconf 86' lang='lat' dir='ltr'><strong>in</strong></span> 
     </span>
    </p>
   </div>
  </div>
 </body>
</html>
