<?xml version="1.0" encoding="UTF-8"?>
<!DOCTYPE html PUBLIC "-//W3C//DTD XHTML 1.0 Transitional//EN"
    "http://www.w3.org/TR/xhtml1/DTD/xhtml1-transitional.dtd">
<html xmlns="http://www.w3.org/1999/xhtml" xml:lang="en" lang="en">
 <head>
  <title>
</title>
<meta http-equiv="Content-Type" content="text/html;charset=utf-8" />
  <meta name='ocr-system' content='tesseract 3.04.00' />
  <meta name='ocr-capabilities' content='ocr_page ocr_carea ocr_par ocr_line ocrx_word'/>
</head>
<body>
  <div class='ocr_page' id='page_1' title='image "./historiaecclesi00venegoog_0298.png"; bbox 0 0 2723 4326; ppageno 0'>
   <div class='ocr_carea' id='block_1_1' title="bbox 438 183 2688 319">
    <p class='ocr_par' dir='ltr' id='par_1_1' title="bbox 438 183 2688 319">
     <span class='ocr_line' id='line_1_1' title="bbox 438 183 2688 319; baseline -0.009 -20"><span class='ocrx_word' id='word_1_1' title='bbox 438 235 567 299; x_wconf 81' lang='lat'><strong>288</strong></span> <span class='ocrx_word' id='word_1_2' title='bbox 2271 292 2287 319; x_wconf 74' lang='lat'><em>.</em></span> <span class='ocrx_word' id='word_1_3' title='bbox 2382 230 2456 283; x_wconf 85' lang='lat' dir='ltr'><strong>v.</strong></span> <span class='ocrx_word' id='word_1_4' title='bbox 2505 231 2600 284; x_wconf 81' lang='lat'><strong>24,</strong></span> <span class='ocrx_word' id='word_1_5' title='bbox 2657 183 2688 249; x_wconf 88' lang='lat'><strong>&#39;-</strong></span> 
     </span>
    </p>
   </div>
   <div class='ocr_carea' id='block_1_2' title="bbox 436 407 2599 851">
    <p class='ocr_par' dir='ltr' id='par_1_2' title="bbox 436 407 2599 851">
     <span class='ocr_line' id='line_1_2' title="bbox 436 407 2599 495; baseline -0.001 -20"><span class='ocrx_word' id='word_1_6' title='bbox 436 410 593 475; x_wconf 89' lang='lat' dir='ltr'><strong>mini</strong></span> <span class='ocrx_word' id='word_1_7' title='bbox 638 409 965 493; x_wconf 88' lang='lat' dir='ltr'><strong>Ecgberct</strong></span> <span class='ocrx_word' id='word_1_8' title='bbox 1010 408 1287 474; x_wconf 89' lang='lat' dir='ltr'><strong>Hienses</strong></span> <span class='ocrx_word' id='word_1_9' title='bbox 1348 407 1692 474; x_wconf 90' lang='lat' dir='ltr'><strong>monachos</strong></span> <span class='ocrx_word' id='word_1_10' title='bbox 1751 407 1835 473; x_wconf 90' lang='lat' dir='ltr'><strong>ad</strong></span> <span class='ocrx_word' id='word_1_11' title='bbox 1889 407 2275 473; x_wconf 87' lang='lat' dir='ltr'><strong>catholicum</strong></span> <span class='ocrx_word' id='word_1_12' title='bbox 2333 410 2599 495; x_wconf 88' lang='lat' dir='ltr'><strong>pascha</strong></span> 
     </span>
     <span class='ocr_line' id='line_1_3' title="bbox 437 498 1769 564; baseline -0.002 -1"><span class='ocrx_word' id='word_1_13' title='bbox 437 509 503 563; x_wconf 90' lang='lat' dir='ltr'><strong>et</strong></span> <span class='ocrx_word' id='word_1_14' title='bbox 549 498 1048 564; x_wconf 87' lang='lat' dir='ltr'><strong>ecclesiasticam</strong></span> <span class='ocrx_word' id='word_1_15' title='bbox 1094 499 1375 562; x_wconf 85' lang='lat' dir='ltr'><strong>correxit</strong></span> <span class='ocrx_word' id='word_1_16' title='bbox 1422 507 1769 562; x_wconf 81' lang='lat' dir='ltr'><strong>tonsuram.</strong></span> 
     </span>
     <span class='ocr_line' id='line_1_4' title="bbox 614 584 2543 651; baseline 0.001 -2"><span class='ocrx_word' id='word_1_17' title='bbox 614 586 803 651; x_wconf 90' lang='lat' dir='ltr'><strong>Anno</strong></span> <span class='ocrx_word' id='word_1_18' title='bbox 850 584 1254 651; x_wconf 82' lang='lat' dir='ltr'><strong>DCOXXV.</strong></span> <span class='ocrx_word' id='word_1_19' title='bbox 1325 585 1597 651; x_wconf 89' lang='lat' dir='ltr'><strong>Victrcd</strong></span> <span class='ocrx_word' id='word_1_20' title='bbox 1643 608 1761 650; x_wconf 84' lang='lat' dir='ltr'><strong>rex</strong></span> <span class='ocrx_word' id='word_1_21' title='bbox 1810 585 2303 651; x_wconf 83' lang='lat' dir='ltr'><strong>Cantuariorum</strong></span> <span class='ocrx_word' id='word_1_22' title='bbox 2351 587 2543 651; x_wconf 90' lang='lat' dir='ltr'><strong>obiit.</strong></span> 
     </span>
     <span class='ocr_line' id='line_1_5' title="bbox 616 673 2594 763; baseline -0.001 -23"><span class='ocrx_word' id='word_1_23' title='bbox 616 674 805 740; x_wconf 92' lang='lat' dir='ltr'><strong>Anno</strong></span> <span class='ocrx_word' id='word_1_24' title='bbox 851 673 1396 741; x_wconf 85' lang='lat' dir='ltr'>DCCXXVIIII.</span> <span class='ocrx_word' id='word_1_25' title='bbox 1449 684 1739 740; x_wconf 88' lang='lat' dir='ltr'><strong>cometae</strong></span> <span class='ocrx_word' id='word_1_26' title='bbox 1787 684 2251 763; x_wconf 85' lang='lat' dir='ltr'><strong>apparuerunt,</strong></span> <span class='ocrx_word' id='word_1_27' title='bbox 2314 685 2594 740; x_wconf 88' lang='lat' dir='ltr'><strong>sanctus</strong></span> 
     </span>
     <span class='ocr_line' id='line_1_6' title="bbox 437 761 1824 851; baseline 0.001 -22"><span class='ocrx_word' id='word_1_28' title='bbox 437 765 763 851; x_wconf 89' lang='lat' dir='ltr'><strong>Ecgberct</strong></span> <span class='ocrx_word' id='word_1_29' title='bbox 810 765 1083 845; x_wconf 88' lang='lat' dir='ltr'><strong>transiit,</strong></span> <span class='ocrx_word' id='word_1_30' title='bbox 1133 761 1323 829; x_wconf 83' lang='lat' dir='ltr'><strong>Ost-ic</strong></span> <span class='ocrx_word' id='word_1_31' title='bbox 1367 773 1658 829; x_wconf 89' lang='lat' dir='ltr'><strong>mortuus</strong></span> <span class='ocrx_word' id='word_1_32' title='bbox 1706 774 1824 833; x_wconf 90' lang='lat' dir='ltr'><strong>est.</strong></span> 
     </span>
    </p>
   </div>
   <div class='ocr_carea' id='block_1_3' title="bbox 617 850 2589 940">
    <p class='ocr_par' dir='ltr' id='par_1_3' title="bbox 617 850 2589 940">
     <span class='ocr_line' id='line_1_7' title="bbox 617 850 2589 940; baseline -0.001 -23"><span class='ocrx_word' id='word_1_33' title='bbox 617 852 807 918; x_wconf 91' lang='lat' dir='ltr'><strong>Anno</strong></span> <span class='ocrx_word' id='word_1_34' title='bbox 855 850 1298 918; x_wconf 80' lang='lat' dir='ltr'><strong>DOCXXXI.</strong></span> <span class='ocrx_word' id='word_1_35' title='bbox 1380 851 1729 918; x_wconf 87' lang='lat' dir='ltr'><strong>Berctuald</strong></span> <span class='ocrx_word' id='word_1_36' title='bbox 1803 851 2316 940; x_wconf 81' lang='lat' dir='ltr'><strong>archiepiscopus</strong></span> <span class='ocrx_word' id='word_1_37' title='bbox 2396 854 2589 918; x_wconf 88' lang='lat' dir='ltr'><strong>obiit.</strong></span> 
     </span>
    </p>
   </div>
   <div class='ocr_carea' id='block_1_4' title="bbox 438 941 2704 1116">
    <p class='ocr_par' dir='ltr' id='par_1_4' title="bbox 438 941 2704 1116">
     <span class='ocr_line' id='line_1_8' title="bbox 441 941 2704 1027; baseline -0.001 -19"><span class='ocrx_word' id='word_1_38' title='bbox 441 943 630 1008; x_wconf 92' lang='lat' dir='ltr'><strong>Anno</strong></span> <span class='ocrx_word' id='word_1_39' title='bbox 696 941 923 1007; x_wconf 88' lang='lat' dir='ltr'><strong>eodem</strong></span> <span class='ocrx_word' id='word_1_40' title='bbox 990 941 1255 1007; x_wconf 86' lang='lat' dir='ltr'><strong>Tatuini</strong></span> <span class='ocrx_word' id='word_1_41' title='bbox 1316 951 1724 1006; x_wconf 89' lang='lat' dir='ltr'><strong>consecratus</strong></span> <span class='ocrx_word' id='word_1_42' title='bbox 1787 941 2306 1027; x_wconf 82' lang='lat' dir='ltr'><strong>archiepiscopus</strong></span> <span class='ocrx_word' id='word_1_43' title='bbox 2369 964 2592 1006; x_wconf 89' lang='lat' dir='ltr'><strong>nonus</strong></span> <span class='ocrx_word' id='word_1_44' title='bbox 2691 959 2704 1021; x_wconf 68' lang='grc' dir='ltr'>ζ</span> 
     </span>
     <span class='ocr_line' id='line_1_9' title="bbox 438 1029 2704 1116; baseline -0 -20"><span class='ocrx_word' id='word_1_45' title='bbox 438 1032 954 1097; x_wconf 87' lang='lat' dir='ltr'><strong>Doruuernensis</strong></span> <span class='ocrx_word' id='word_1_46' title='bbox 1001 1030 1308 1095; x_wconf 87' lang='lat' dir='ltr'><strong>ecclesiae</strong></span> <span class='ocrx_word' id='word_1_47' title='bbox 1352 1029 1736 1096; x_wconf 87' lang='lat' dir='ltr'><strong>Aedilbaldo</strong></span> <span class='ocrx_word' id='word_1_48' title='bbox 1783 1052 1939 1116; x_wconf 85' lang='lat' dir='ltr'><strong>rege</strong></span> <span class='ocrx_word' id='word_1_49' title='bbox 1985 1030 2376 1095; x_wconf 87' lang='lat' dir='ltr'><strong>Merciorum</strong></span> <span class='ocrx_word' id='word_1_50' title='bbox 2422 1030 2588 1095; x_wconf 89' lang='lat' dir='ltr'><strong>XV.</strong></span> <span class='ocrx_word' id='word_1_51' title='bbox 2697 1049 2704 1109; x_wconf 70' lang='grc' dir='ltr'><em>ξ</em></span> 
     </span>
    </p>
   </div>
   <div class='ocr_carea' id='block_1_5' title="bbox 441 1121 1261 1205">
    <p class='ocr_par' dir='ltr' id='par_1_5' title="bbox 441 1121 1261 1205">
     <span class='ocr_line' id='line_1_10' title="bbox 441 1121 1261 1205; baseline -0.002 -20"><span class='ocrx_word' id='word_1_52' title='bbox 441 1129 678 1205; x_wconf 84' lang='lat' dir='ltr'><strong>agente</strong></span> <span class='ocrx_word' id='word_1_53' title='bbox 724 1141 962 1184; x_wconf 91' lang='lat' dir='ltr'><strong>annum</strong></span> <span class='ocrx_word' id='word_1_54' title='bbox 1008 1121 1261 1205; x_wconf 90' lang='lat' dir='ltr'><strong>inperii.</strong></span> 
     </span>
    </p>
   </div>
   <div class='ocr_carea' id='block_1_6' title="bbox 446 1381 2689 2179">
    <p class='ocr_par' dir='ltr' id='par_1_6' title="bbox 446 1381 2689 1917">
     <span class='ocr_line' id='line_1_11' title="bbox 621 1381 2587 1450; baseline 0.001 -3"><span class='ocrx_word' id='word_1_55' title='bbox 621 1383 808 1450; x_wconf 86' lang='lat' dir='ltr'><strong>Haec</strong></span> <span class='ocrx_word' id='word_1_56' title='bbox 838 1384 919 1449; x_wconf 90' lang='lat' dir='ltr'><strong>de</strong></span> <span class='ocrx_word' id='word_1_57' title='bbox 950 1381 1219 1449; x_wconf 91' lang='lat' dir='ltr'><strong>historia</strong></span> <span class='ocrx_word' id='word_1_58' title='bbox 1249 1385 1686 1450; x_wconf 83' lang='lat' dir='ltr'><strong>ecclesiastica</strong></span> <span class='ocrx_word' id='word_1_59' title='bbox 1703 1383 2169 1450; x_wconf 87' lang='lat' dir='ltr'><strong>Brittaniarum</strong></span> <span class='ocrx_word' id='word_1_60' title='bbox 2199 1394 2264 1450; x_wconf 87' lang='lat' dir='ltr'><strong>et</strong></span> <span class='ocrx_word' id='word_1_61' title='bbox 2294 1386 2587 1450; x_wconf 84' lang='lat' dir='ltr'><strong>maxime</strong></span> 
     </span>
     <span class='ocr_line' id='line_1_12' title="bbox 447 1473 2588 1560; baseline -0 -22"><span class='ocrx_word' id='word_1_62' title='bbox 447 1475 657 1559; x_wconf 89' lang='lat' dir='ltr'><strong>gentis</strong></span> <span class='ocrx_word' id='word_1_63' title='bbox 685 1473 1071 1558; x_wconf 88' lang='lat' dir='ltr'><strong>Anglorum‚</strong></span> <span class='ocrx_word' id='word_1_64' title='bbox 1119 1482 1309 1559; x_wconf 91' lang='lat' dir='ltr'><strong>prout</strong></span> <span class='ocrx_word' id='word_1_65' title='bbox 1354 1475 1461 1538; x_wconf 88' lang='lat' dir='ltr'><strong>uel</strong></span> <span class='ocrx_word' id='word_1_66' title='bbox 1506 1496 1587 1538; x_wconf 83' lang='lat' dir='ltr'><strong>ex</strong></span> <span class='ocrx_word' id='word_1_67' title='bbox 1631 1475 1865 1539; x_wconf 89' lang='lat' dir='ltr'><strong>litteris</strong></span> <span class='ocrx_word' id='word_1_68' title='bbox 1907 1476 2317 1560; x_wconf 89' lang='lat' dir='ltr'><strong>antiquorum</strong></span> <span class='ocrx_word' id='word_1_69' title='bbox 2361 1475 2469 1539; x_wconf 87' lang='lat' dir='ltr'><strong>uel</strong></span> <span class='ocrx_word' id='word_1_70' title='bbox 2503 1497 2588 1538; x_wconf 81' lang='lat' dir='ltr'><strong>ex</strong></span> 
     </span>
     <span class='ocr_line' id='line_1_13' title="bbox 446 1562 2582 1650; baseline 0 -23"><span class='ocrx_word' id='word_1_71' title='bbox 446 1562 789 1627; x_wconf 83' lang='lat' dir='ltr'><strong>traditione</strong></span> <span class='ocrx_word' id='word_1_72' title='bbox 834 1563 1149 1627; x_wconf 88' lang='lat' dir='ltr'><strong>maiorum</strong></span> <span class='ocrx_word' id='word_1_73' title='bbox 1194 1562 1302 1626; x_wconf 89' lang='lat' dir='ltr'><strong>uel</strong></span> <span class='ocrx_word' id='word_1_74' title='bbox 1346 1584 1429 1627; x_wconf 85' lang='lat' dir='ltr'><strong>ex</strong></span> <span class='ocrx_word' id='word_1_75' title='bbox 1472 1585 1620 1627; x_wconf 87' lang='lat' dir='ltr'><strong>mea</strong></span> <span class='ocrx_word' id='word_1_76' title='bbox 1661 1565 1802 1649; x_wconf 88' lang='lat' dir='ltr'><strong>ipse</strong></span> <span class='ocrx_word' id='word_1_77' title='bbox 1849 1565 2212 1648; x_wconf 85' lang='lat' dir='ltr'><strong>cognitione</strong></span> <span class='ocrx_word' id='word_1_78' title='bbox 2259 1564 2426 1627; x_wconf 88' lang='lat' dir='ltr'><strong>scire</strong></span> <span class='ocrx_word' id='word_1_79' title='bbox 2466 1586 2582 1650; x_wconf 90' lang='lat' dir='ltr'><strong>po·</strong></span> 
     </span>
     <span class='ocr_line' id='line_1_14' title="bbox 446 1649 2585 1736; baseline -0 -20"><span class='ocrx_word' id='word_1_80' title='bbox 446 1654 569 1735; x_wconf 91' lang='lat' dir='ltr'><strong>tui,</strong></span> <span class='ocrx_word' id='word_1_81' title='bbox 633 1649 889 1715; x_wconf 91' lang='lat' dir='ltr'><strong>domino</strong></span> <span class='ocrx_word' id='word_1_82' title='bbox 948 1651 1295 1716; x_wconf 88' lang='lat' dir='ltr'><strong>adiuuante</strong></span> <span class='ocrx_word' id='word_1_83' title='bbox 1351 1652 1595 1736; x_wconf 84' lang='lat' dir='ltr'><strong>digessi</strong></span> <span class='ocrx_word' id='word_1_84' title='bbox 1638 1650 1862 1717; x_wconf 89' lang='lat' dir='ltr'><strong>Baeda</strong></span> <span class='ocrx_word' id='word_1_85' title='bbox 1907 1652 2178 1717; x_wconf 90' lang='lat' dir='ltr'><strong>famulus</strong></span> <span class='ocrx_word' id='word_1_86' title='bbox 2226 1650 2472 1717; x_wconf 83' lang='lat' dir='ltr'><strong>Christi</strong></span> <span class='ocrx_word' id='word_1_87' title='bbox 2521 1662 2585 1717; x_wconf 87' lang='lat' dir='ltr'><strong>et</strong></span> 
     </span>
     <span class='ocr_line' id='line_1_15' title="bbox 447 1740 2689 1828; baseline 0.001 -25"><span class='ocrx_word' id='word_1_88' title='bbox 447 1741 792 1828; x_wconf 82' lang='lat' dir='ltr'><strong>presbyter</strong></span> <span class='ocrx_word' id='word_1_89' title='bbox 822 1742 1197 1805; x_wconf 87' lang='lat' dir='ltr'><strong>monasterii</strong></span> <span class='ocrx_word' id='word_1_90' title='bbox 1228 1741 1566 1805; x_wconf 86' lang='lat' dir='ltr'><strong>beatorum</strong></span> <span class='ocrx_word' id='word_1_91' title='bbox 1601 1741 2035 1827; x_wconf 88' lang='lat' dir='ltr'><strong>apostolorum</strong></span> <span class='ocrx_word' id='word_1_92' title='bbox 2066 1741 2244 1806; x_wconf 89' lang='lat' dir='ltr'><strong>Petri</strong></span> <span class='ocrx_word' id='word_1_93' title='bbox 2277 1750 2344 1805; x_wconf 90' lang='lat' dir='ltr'><strong>et</strong></span> <span class='ocrx_word' id='word_1_94' title='bbox 2374 1740 2582 1824; x_wconf 90' lang='lat' dir='ltr'><strong>Pauli,</strong></span> <span class='ocrx_word' id='word_1_95' title='bbox 2678 1759 2689 1776; x_wconf 64' lang='grc'><em>“</em></span> 
     </span>
     <span class='ocr_line' id='line_1_16' title="bbox 449 1828 1787 1917; baseline 0.003 -23"><span class='ocrx_word' id='word_1_96' title='bbox 449 1828 620 1917; x_wconf 90' lang='lat' dir='ltr'><strong>quod</strong></span> <span class='ocrx_word' id='word_1_97' title='bbox 668 1840 764 1894; x_wconf 89' lang='lat' dir='ltr'><strong>est</strong></span> <span class='ocrx_word' id='word_1_98' title='bbox 808 1829 1249 1894; x_wconf 88' lang='lat' dir='ltr'><strong>Viuraemuda</strong></span> <span class='ocrx_word' id='word_1_99' title='bbox 1294 1839 1361 1895; x_wconf 90' lang='lat' dir='ltr'><strong>et</strong></span> <span class='ocrx_word' id='word_1_100' title='bbox 1406 1830 1787 1917; x_wconf 89' lang='lat' dir='ltr'><strong>Ingyrunm.</strong></span> 
     </span>
    </p>

    <p class='ocr_par' dir='ltr' id='par_1_7' title="bbox 451 1916 2581 2179">
     <span class='ocr_line' id='line_1_17' title="bbox 626 1916 2580 2003; baseline -0.001 -21"><span class='ocrx_word' id='word_1_101' title='bbox 626 1916 756 1996; x_wconf 82' lang='lat' dir='ltr'><strong>Qui</strong></span> <span class='ocrx_word' id='word_1_102' title='bbox 784 1927 973 1983; x_wconf 86' lang='lat' dir='ltr'><strong>natus</strong></span> <span class='ocrx_word' id='word_1_103' title='bbox 1005 1920 1070 1982; x_wconf 91' lang='lat' dir='ltr'><strong>in</strong></span> <span class='ocrx_word' id='word_1_104' title='bbox 1100 1920 1424 1984; x_wconf 87' lang='lat' dir='ltr'><strong>territorio</strong></span> <span class='ocrx_word' id='word_1_105' title='bbox 1457 1916 1740 1983; x_wconf 88' lang='lat' dir='ltr'><strong>eiusdem</strong></span> <span class='ocrx_word' id='word_1_106' title='bbox 1773 1920 2161 2003; x_wconf 87' lang='lat' dir='ltr'><strong>monasterii,</strong></span> <span class='ocrx_word' id='word_1_107' title='bbox 2194 1940 2340 1982; x_wconf 88' lang='lat' dir='ltr'><strong>cum</strong></span> <span class='ocrx_word' id='word_1_108' title='bbox 2374 1940 2580 1983; x_wconf 88' lang='lat' dir='ltr'><strong>essem</strong></span> 
     </span>
     <span class='ocr_line' id='line_1_18' title="bbox 452 2005 2580 2095; baseline -0.001 -23"><span class='ocrx_word' id='word_1_109' title='bbox 452 2029 763 2072; x_wconf 87' lang='lat' dir='ltr'><strong>annorum</strong></span> <span class='ocrx_word' id='word_1_110' title='bbox 813 2017 1088 2094; x_wconf 86' lang='lat' dir='ltr'><strong>septem,</strong></span> <span class='ocrx_word' id='word_1_111' title='bbox 1138 2029 1292 2072; x_wconf 90' lang='lat' dir='ltr'><strong>cura</strong></span> <span class='ocrx_word' id='word_1_112' title='bbox 1335 2010 1839 2095; x_wconf 88' lang='lat' dir='ltr'><strong>propinquorum</strong></span> <span class='ocrx_word' id='word_1_113' title='bbox 1886 2008 2074 2073; x_wconf 87' lang='lat' dir='ltr'><strong>datus</strong></span> <span class='ocrx_word' id='word_1_114' title='bbox 2119 2030 2259 2072; x_wconf 90' lang='lat' dir='ltr'><strong>sum</strong></span> <span class='ocrx_word' id='word_1_115' title='bbox 2307 2005 2580 2071; x_wconf 87' lang='lat' dir='ltr'><strong>educan-</strong></span> 
     </span>
     <span class='ocr_line' id='line_1_19' title="bbox 451 2094 2581 2179; baseline 0 -19"><span class='ocrx_word' id='word_1_116' title='bbox 451 2094 570 2160; x_wconf 88' lang='lat' dir='ltr'><strong>dus</strong></span> <span class='ocrx_word' id='word_1_117' title='bbox 614 2097 1134 2161; x_wconf 87' lang='lat' dir='ltr'><strong>reuerentissimo</strong></span> <span class='ocrx_word' id='word_1_118' title='bbox 1180 2097 1404 2161; x_wconf 85' lang='lat' dir='ltr'><strong>abbati</strong></span> <span class='ocrx_word' id='word_1_119' title='bbox 1432 2096 1786 2161; x_wconf 88' lang='lat' dir='ltr'><strong>Benedicto</strong></span> <span class='ocrx_word' id='word_1_120' title='bbox 1831 2120 1908 2163; x_wconf 91' lang='lat' dir='ltr'><strong>ac</strong></span> <span class='ocrx_word' id='word_1_121' title='bbox 1953 2095 2184 2161; x_wconf 88' lang='lat' dir='ltr'><strong>deinde</strong></span> <span class='ocrx_word' id='word_1_122' title='bbox 2224 2095 2581 2179; x_wconf 86' lang='lat' dir='ltr'><strong>Oeolfrido3</strong></span> 
     </span>
    </p>
   </div>
   <div class='ocr_carea' id='block_1_7' title="bbox 452 2187 2697 2272">
    <p class='ocr_par' dir='ltr' id='par_1_8' title="bbox 452 2187 2697 2272">
     <span class='ocr_line' id='line_1_20' title="bbox 452 2187 2697 2272; baseline -0.001 -21"><span class='ocrx_word' id='word_1_123' title='bbox 452 2196 879 2272; x_wconf 91' lang='lat' dir='ltr'><strong>cunctumque</strong></span> <span class='ocrx_word' id='word_1_124' title='bbox 940 2208 1021 2250; x_wconf 86' lang='lat' dir='ltr'><strong>ex</strong></span> <span class='ocrx_word' id='word_1_125' title='bbox 1082 2207 1155 2250; x_wconf 87' lang='lat' dir='ltr'><strong>eo</strong></span> <span class='ocrx_word' id='word_1_126' title='bbox 1215 2195 1470 2272; x_wconf 88' lang='lat' dir='ltr'><strong>tempus</strong></span> <span class='ocrx_word' id='word_1_127' title='bbox 1530 2188 1705 2251; x_wconf 88' lang='lat' dir='ltr'><strong>uitae</strong></span> <span class='ocrx_word' id='word_1_128' title='bbox 1751 2189 1818 2250; x_wconf 91' lang='lat' dir='ltr'><strong>in</strong></span> <span class='ocrx_word' id='word_1_129' title='bbox 1873 2187 2155 2252; x_wconf 87' lang='lat' dir='ltr'><strong>eiusdem</strong></span> <span class='ocrx_word' id='word_1_130' title='bbox 2214 2187 2586 2251; x_wconf 88' lang='lat' dir='ltr'><strong>monasterii</strong></span> <span class='ocrx_word' id='word_1_131' title='bbox 2696 2211 2697 2232; x_wconf 75' lang='lat'>³</span> 
     </span>
    </p>
   </div>
   <div class='ocr_carea' id='block_1_8' title="bbox 450 2274 2584 2806">
    <p class='ocr_par' dir='ltr' id='par_1_9' title="bbox 450 2274 2584 2607">
     <span class='ocr_line' id='line_1_21' title="bbox 450 2274 2582 2362; baseline -0.001 -23"><span class='ocrx_word' id='word_1_132' title='bbox 450 2275 844 2340; x_wconf 81' lang='lat' dir='ltr'><strong>habitatione</strong></span> <span class='ocrx_word' id='word_1_133' title='bbox 874 2296 1195 2360; x_wconf 82' lang='lat' dir='ltr'><strong>peragens</strong></span> <span class='ocrx_word' id='word_1_134' title='bbox 1228 2297 1481 2339; x_wconf 89' lang='lat' dir='ltr'><strong>omnem</strong></span> <span class='ocrx_word' id='word_1_135' title='bbox 1513 2274 1898 2339; x_wconf 84' lang='lat' dir='ltr'><strong>meditandis</strong></span> <span class='ocrx_word' id='word_1_136' title='bbox 1945 2276 2272 2362; x_wconf 86' lang='lat' dir='ltr'><strong>scripturis</strong></span> <span class='ocrx_word' id='word_1_137' title='bbox 2320 2297 2582 2361; x_wconf 88' lang='lat' dir='ltr'><strong>operam</strong></span> 
     </span>
     <span class='ocr_line' id='line_1_22' title="bbox 452 2363 2584 2450; baseline -0.001 -20"><span class='ocrx_word' id='word_1_138' title='bbox 452 2364 628 2430; x_wconf 88' lang='lat' dir='ltr'><strong>dedi:</strong></span> <span class='ocrx_word' id='word_1_139' title='bbox 693 2373 886 2450; x_wconf 88' lang='lat' dir='ltr'><strong>atque</strong></span> <span class='ocrx_word' id='word_1_140' title='bbox 945 2365 1115 2428; x_wconf 88' lang='lat' dir='ltr'><strong>inter</strong></span> <span class='ocrx_word' id='word_1_141' title='bbox 1176 2365 1650 2429; x_wconf 88' lang='lat' dir='ltr'><strong>obseruantiam</strong></span> <span class='ocrx_word' id='word_1_142' title='bbox 1709 2363 2088 2450; x_wconf 87' lang='lat' dir='ltr'><strong>disciplinae</strong></span> <span class='ocrx_word' id='word_1_143' title='bbox 2145 2364 2460 2448; x_wconf 86' lang='lat' dir='ltr'><strong>regularis</strong></span> <span class='ocrx_word' id='word_1_144' title='bbox 2521 2374 2584 2428; x_wconf 90' lang='lat' dir='ltr'><strong>et</strong></span> 
     </span>
     <span class='ocr_line' id='line_1_23' title="bbox 453 2451 2583 2540; baseline -0.001 -22"><span class='ocrx_word' id='word_1_145' title='bbox 453 2451 839 2518; x_wconf 86' lang='lat' dir='ltr'><strong>cotidianam</strong></span> <span class='ocrx_word' id='word_1_146' title='bbox 887 2452 1190 2517; x_wconf 89' lang='lat' dir='ltr'><strong>cantandi</strong></span> <span class='ocrx_word' id='word_1_147' title='bbox 1219 2455 1287 2517; x_wconf 93' lang='lat' dir='ltr'><strong>in</strong></span> <span class='ocrx_word' id='word_1_148' title='bbox 1317 2452 1591 2518; x_wconf 88' lang='lat' dir='ltr'><strong>ecclesia</strong></span> <span class='ocrx_word' id='word_1_149' title='bbox 1621 2475 1854 2518; x_wconf 83' lang='lat' dir='ltr'><strong>curam.</strong></span> <span class='ocrx_word' id='word_1_150' title='bbox 1883 2476 2138 2540; x_wconf 86' lang='lat' dir='ltr'><strong>semper</strong></span> <span class='ocrx_word' id='word_1_151' title='bbox 2183 2461 2294 2516; x_wconf 90' lang='lat' dir='ltr'><strong>aut</strong></span> <span class='ocrx_word' id='word_1_152' title='bbox 2339 2452 2583 2516; x_wconf 87' lang='lat' dir='ltr'><strong>discere</strong></span> 
     </span>
     <span class='ocr_line' id='line_1_24' title="bbox 454 2539 1814 2607; baseline -0.001 -1"><span class='ocrx_word' id='word_1_153' title='bbox 454 2550 566 2606; x_wconf 90' lang='lat' dir='ltr'><strong>aut</strong></span> <span class='ocrx_word' id='word_1_154' title='bbox 612 2540 841 2606; x_wconf 87' lang='lat' dir='ltr'><strong>docere</strong></span> <span class='ocrx_word' id='word_1_155' title='bbox 885 2550 997 2605; x_wconf 89' lang='lat' dir='ltr'><strong>ant</strong></span> <span class='ocrx_word' id='word_1_156' title='bbox 1044 2542 1323 2606; x_wconf 88' lang='lat' dir='ltr'><strong>scribere</strong></span> <span class='ocrx_word' id='word_1_157' title='bbox 1371 2539 1554 2607; x_wconf 90' lang='lat' dir='ltr'><strong>dulce</strong></span> <span class='ocrx_word' id='word_1_158' title='bbox 1601 2541 1814 2607; x_wconf 91' lang='lat' dir='ltr'><strong>habui.</strong></span> 
     </span>
    </p>

    <p class='ocr_par' dir='ltr' id='par_1_10' title="bbox 454 2627 2579 2806">
     <span class='ocr_line' id='line_1_25' title="bbox 632 2627 2579 2713; baseline 0 -21"><span class='ocrx_word' id='word_1_159' title='bbox 632 2627 821 2695; x_wconf 89' lang='lat' dir='ltr'><strong>Nono</strong></span> <span class='ocrx_word' id='word_1_160' title='bbox 884 2629 1135 2695; x_wconf 87' lang='lat' dir='ltr'><strong>decimo</strong></span> <span class='ocrx_word' id='word_1_161' title='bbox 1196 2640 1415 2695; x_wconf 89' lang='lat' dir='ltr'><strong>autem</strong></span> <span class='ocrx_word' id='word_1_162' title='bbox 1474 2633 1648 2696; x_wconf 86' lang='lat' dir='ltr'><strong>uitae</strong></span> <span class='ocrx_word' id='word_1_163' title='bbox 1708 2652 1892 2695; x_wconf 89' lang='lat' dir='ltr'><strong>meae</strong></span> <span class='ocrx_word' id='word_1_164' title='bbox 1944 2652 2114 2696; x_wconf 89' lang='lat' dir='ltr'><strong>anno</strong></span> <span class='ocrx_word' id='word_1_165' title='bbox 2161 2630 2579 2713; x_wconf 89' lang='lat' dir='ltr'><strong>diaconatum,</strong></span> 
     </span>
     <span class='ocr_line' id='line_1_26' title="bbox 454 2716 2579 2806; baseline -0 -23"><span class='ocrx_word' id='word_1_166' title='bbox 454 2720 779 2783; x_wconf 86' lang='lat' dir='ltr'><strong>tricesimo</strong></span> <span class='ocrx_word' id='word_1_167' title='bbox 811 2716 1085 2803; x_wconf 88' lang='lat' dir='ltr'><strong>gradum</strong></span> <span class='ocrx_word' id='word_1_168' title='bbox 1113 2720 1622 2806; x_wconf 82' lang='lat' dir='ltr'><strong>presbyteratus,</strong></span> <span class='ocrx_word' id='word_1_169' title='bbox 1653 2728 1997 2805; x_wconf 88' lang='lat' dir='ltr'><strong>utrumqne</strong></span> <span class='ocrx_word' id='word_1_170' title='bbox 2015 2742 2133 2806; x_wconf 89' lang='lat' dir='ltr'><strong>per</strong></span> <span class='ocrx_word' id='word_1_171' title='bbox 2160 2720 2579 2784; x_wconf 87' lang='lat' dir='ltr'><strong>ministerium</strong></span> 
     </span>
    </p>
   </div>
   <div class='ocr_carea' id='block_1_9' title="bbox 455 2805 2699 2895">
    <p class='ocr_par' dir='ltr' id='par_1_11' title="bbox 455 2805 2699 2895">
     <span class='ocr_line' id='line_1_27' title="bbox 455 2805 2699 2895; baseline 0 -24"><span class='ocrx_word' id='word_1_172' title='bbox 455 2809 960 2872; x_wconf 88' lang='lat' dir='ltr'><strong>reuerentissimi</strong></span> <span class='ocrx_word' id='word_1_173' title='bbox 991 2809 1276 2895; x_wconf 88' lang='lat' dir='ltr'><strong>episcopi</strong></span> <span class='ocrx_word' id='word_1_174' title='bbox 1307 2806 1633 2893; x_wconf 89' lang='lat' dir='ltr'><strong>Iohannis,</strong></span> <span class='ocrx_word' id='word_1_175' title='bbox 1681 2809 1942 2873; x_wconf 88' lang='lat' dir='ltr'><strong>iubente</strong></span> <span class='ocrx_word' id='word_1_176' title='bbox 1973 2805 2298 2873; x_wconf 80' lang='lat' dir='ltr'><strong>Oeolfrido</strong></span> <span class='ocrx_word' id='word_1_177' title='bbox 2328 2806 2577 2890; x_wconf 86' lang='lat' dir='ltr'><strong>abbate,</strong></span> <span class='ocrx_word' id='word_1_178' title='bbox 2697 2827 2699 2832; x_wconf 90' lang='grc'><strong><em>·</em></strong></span> 
     </span>
    </p>
   </div>
   <div class='ocr_carea' id='block_1_10' title="bbox 456 2918 2697 3674">
    <p class='ocr_par' dir='ltr' id='par_1_12' title="bbox 456 2918 728 2960">
     <span class='ocr_line' id='line_1_28' title="bbox 456 2918 728 2960; baseline 0 0"><span class='ocrx_word' id='word_1_179' title='bbox 456 2918 638 2960; x_wconf 87' lang='lat' dir='ltr'><strong>susce</strong></span> <span class='ocrx_word' id='word_1_180' title='bbox 687 2920 728 2960; x_wconf 91' lang='lat'><strong>1.</strong></span> 
     </span>
    </p>

    <p class='ocr_par' dir='ltr' id='par_1_13' title="bbox 456 2918 2578 3427">
     <span class='ocr_line' id='line_1_29' title="bbox 632 2918 2577 3073; baseline 0 -25"><span class='ocrx_word' id='word_1_181' title='bbox 632 2918 739 3048; x_wconf 66' lang='lat' dir='ltr'>Pplx</span> <span class='ocrx_word' id='word_1_182' title='bbox 808 3005 933 3069; x_wconf 88' lang='lat' dir='ltr'><strong>quo</strong></span> <span class='ocrx_word' id='word_1_183' title='bbox 1004 2994 1293 3073; x_wconf 90' lang='lat' dir='ltr'><strong>tempore</strong></span> <span class='ocrx_word' id='word_1_184' title='bbox 1366 2987 1617 3072; x_wconf 85' lang='lat' dir='ltr'><strong>accepti</strong></span> <span class='ocrx_word' id='word_1_185' title='bbox 1683 2985 2168 3072; x_wconf 84' lang='lat' dir='ltr'><strong>presbyteratus</strong></span> <span class='ocrx_word' id='word_1_186' title='bbox 2235 3007 2436 3071; x_wconf 88' lang='lat' dir='ltr'><strong>usqne</strong></span> <span class='ocrx_word' id='word_1_187' title='bbox 2501 2982 2577 3048; x_wconf 91' lang='lat' dir='ltr'><strong>ad</strong></span> 
     </span>
     <span class='ocr_line' id='line_1_30' title="bbox 457 3072 2578 3162; baseline 0.001 -27"><span class='ocrx_word' id='word_1_188' title='bbox 457 3095 693 3138; x_wconf 89' lang='lat' dir='ltr'><strong>annum</strong></span> <span class='ocrx_word' id='word_1_189' title='bbox 742 3073 971 3138; x_wconf 89' lang='lat' dir='ltr'><strong>aetatis</strong></span> <span class='ocrx_word' id='word_1_190' title='bbox 1017 3097 1200 3140; x_wconf 88' lang='lat' dir='ltr'><strong>meae</strong></span> <span class='ocrx_word' id='word_1_191' title='bbox 1231 3072 1518 3139; x_wconf 89' lang='lat' dir='ltr'><strong>LVIIII.</strong></span> <span class='ocrx_word' id='word_1_192' title='bbox 1553 3074 1715 3140; x_wconf 88' lang='lat' dir='ltr'><strong>haec</strong></span> <span class='ocrx_word' id='word_1_193' title='bbox 1757 3077 1825 3138; x_wconf 90' lang='lat' dir='ltr'><strong>in</strong></span> <span class='ocrx_word' id='word_1_194' title='bbox 1872 3077 2256 3162; x_wconf 89' lang='lat' dir='ltr'><strong>scripturam</strong></span> <span class='ocrx_word' id='word_1_195' title='bbox 2303 3081 2578 3139; x_wconf 84' lang='lat' dir='ltr'><strong>sanctam</strong></span> 
     </span>
     <span class='ocr_line' id='line_1_31' title="bbox 456 3163 2576 3250; baseline -0 -24"><span class='ocrx_word' id='word_1_196' title='bbox 456 3183 642 3228; x_wconf 90' lang='lat' dir='ltr'><strong>meae</strong></span> <span class='ocrx_word' id='word_1_197' title='bbox 698 3184 1115 3248; x_wconf 90' lang='lat' dir='ltr'><strong>meorumque</strong></span> <span class='ocrx_word' id='word_1_198' title='bbox 1172 3163 1543 3228; x_wconf 87' lang='lat' dir='ltr'><strong>necessitati</strong></span> <span class='ocrx_word' id='word_1_199' title='bbox 1604 3185 1685 3227; x_wconf 85' lang='lat' dir='ltr'><strong>ex</strong></span> <span class='ocrx_word' id='word_1_200' title='bbox 1743 3163 2063 3250; x_wconf 87' lang='lat' dir='ltr'><strong>opusculis</strong></span> <span class='ocrx_word' id='word_1_201' title='bbox 2123 3163 2576 3229; x_wconf 87' lang='lat' dir='ltr'><strong>uenerabilium</strong></span> 
     </span>
     <span class='ocr_line' id='line_1_32' title="bbox 458 3250 2578 3337; baseline 0 -22"><span class='ocrx_word' id='word_1_202' title='bbox 458 3261 715 3337; x_wconf 90' lang='lat' dir='ltr'><strong>patrum</strong></span> <span class='ocrx_word' id='word_1_203' title='bbox 768 3250 1053 3316; x_wconf 85' lang='lat' dir='ltr'><strong>breuiter</strong></span> <span class='ocrx_word' id='word_1_204' title='bbox 1106 3251 1420 3316; x_wconf 87' lang='lat' dir='ltr'><strong>adnotare</strong></span> <span class='ocrx_word' id='word_1_205' title='bbox 1478 3252 1614 3317; x_wconf 89' lang='lat' dir='ltr'><strong>sine</strong></span> <span class='ocrx_word' id='word_1_206' title='bbox 1670 3253 1864 3316; x_wconf 89' lang='lat' dir='ltr'><strong>etiam</strong></span> <span class='ocrx_word' id='word_1_207' title='bbox 1909 3252 1994 3317; x_wconf 87' lang='lat' dir='ltr'><strong>ad</strong></span> <span class='ocrx_word' id='word_1_208' title='bbox 2037 3252 2315 3318; x_wconf 84' lang='lat' dir='ltr'><strong>formam</strong></span> <span class='ocrx_word' id='word_1_209' title='bbox 2369 3273 2578 3316; x_wconf 87' lang='lat' dir='ltr'><strong>sensus</strong></span> 
     </span>
     <span class='ocr_line' id='line_1_33' title="bbox 459 3339 2176 3427; baseline 0.001 -23"><span class='ocrx_word' id='word_1_210' title='bbox 459 3349 525 3404; x_wconf 90' lang='lat' dir='ltr'><strong>et</strong></span> <span class='ocrx_word' id='word_1_211' title='bbox 572 3341 1123 3426; x_wconf 87' lang='lat' dir='ltr'><strong>interpretationis</strong></span> <span class='ocrx_word' id='word_1_212' title='bbox 1169 3362 1393 3405; x_wconf 91' lang='lat' dir='ltr'><strong>eorum</strong></span> <span class='ocrx_word' id='word_1_213' title='bbox 1441 3339 1892 3427; x_wconf 87' lang='lat' dir='ltr'><strong>snperadicere</strong></span> <span class='ocrx_word' id='word_1_214' title='bbox 1938 3343 2176 3406; x_wconf 86' lang='lat' dir='ltr'><strong>curaui.</strong></span> 
     </span>
    </p>

    <p class='ocr_par' dir='ltr' id='par_1_14' title="bbox 459 3425 2697 3604">
     <span class='ocr_line' id='line_1_34' title="bbox 636 3425 2697 3515; baseline 0 -22"><span class='ocrx_word' id='word_1_215' title='bbox 636 3428 737 3493; x_wconf 80' lang='lat' dir='ltr'><strong>‘In</strong></span> <span class='ocrx_word' id='word_1_216' title='bbox 780 3429 1167 3515; x_wconf 88' lang='lat' dir='ltr'><strong>principium</strong></span> <span class='ocrx_word' id='word_1_217' title='bbox 1213 3426 1520 3514; x_wconf 85' lang='lat' dir='ltr'><strong>Genesis,</strong></span> <span class='ocrx_word' id='word_1_218' title='bbox 1580 3451 1784 3515; x_wconf 89' lang='lat' dir='ltr'><strong>usque</strong></span> <span class='ocrx_word' id='word_1_219' title='bbox 1827 3429 1912 3496; x_wconf 87' lang='lat' dir='ltr'><strong>ad</strong></span> <span class='ocrx_word' id='word_1_220' title='bbox 1957 3432 2364 3496; x_wconf 88' lang='lat' dir='ltr'><strong>natiuitatem</strong></span> <span class='ocrx_word' id='word_1_221' title='bbox 2405 3429 2576 3494; x_wconf 87' lang='lat' dir='ltr'><strong>Isaac</strong></span> <span class='ocrx_word' id='word_1_222' title='bbox 2695 3425 2697 3438; x_wconf 60' lang='lat'>¹</span> 
     </span>
     <span class='ocr_line' id='line_1_35' title="bbox 459 3516 1763 3604; baseline 0.001 -22"><span class='ocrx_word' id='word_1_223' title='bbox 459 3524 524 3582; x_wconf 90' lang='lat' dir='ltr'><strong>et</strong></span> <span class='ocrx_word' id='word_1_224' title='bbox 567 3518 908 3582; x_wconf 88' lang='lat' dir='ltr'><strong>iectionem</strong></span> <span class='ocrx_word' id='word_1_225' title='bbox 951 3516 1310 3604; x_wconf 86' lang='lat' dir='ltr'><strong>Ismahelis,</strong></span> <span class='ocrx_word' id='word_1_226' title='bbox 1356 3518 1554 3584; x_wconf 89' lang='lat' dir='ltr'><strong>libros</strong></span> <span class='ocrx_word' id='word_1_227' title='bbox 1601 3517 1763 3583; x_wconf 87' lang='lat' dir='ltr'><strong>IIII.</strong></span> 
     </span>
    </p>

    <p class='ocr_par' dir='ltr' id='par_1_15' title="bbox 634 3605 2575 3674">
     <span class='ocr_line' id='line_1_36' title="bbox 634 3605 2575 3674; baseline 0.001 -4"><span class='ocrx_word' id='word_1_228' title='bbox 634 3606 740 3672; x_wconf 88' lang='lat' dir='ltr'><strong>De</strong></span> <span class='ocrx_word' id='word_1_229' title='bbox 784 3605 1197 3673; x_wconf 88' lang='lat' dir='ltr'><strong>tabernaculo</strong></span> <span class='ocrx_word' id='word_1_230' title='bbox 1232 3617 1299 3673; x_wconf 91' lang='lat' dir='ltr'><strong>et</strong></span> <span class='ocrx_word' id='word_1_231' title='bbox 1329 3609 1502 3674; x_wconf 85' lang='lat' dir='ltr'><strong>uasis</strong></span> <span class='ocrx_word' id='word_1_232' title='bbox 1550 3609 1686 3672; x_wconf 90' lang='lat' dir='ltr'><strong>eius</strong></span> <span class='ocrx_word' id='word_1_233' title='bbox 1731 3629 1808 3672; x_wconf 87' lang='lat' dir='ltr'><strong>ac</strong></span> <span class='ocrx_word' id='word_1_234' title='bbox 1853 3608 2140 3673; x_wconf 89' lang='lat' dir='ltr'><strong>uestibus</strong></span> <span class='ocrx_word' id='word_1_235' title='bbox 2188 3608 2575 3674; x_wconf 89' lang='lat' dir='ltr'><strong>sacerdotum</strong></span> 
     </span>
    </p>
   </div>
   <div class='ocr_carea' id='block_1_11' title="bbox 458 3693 828 3760">
    <p class='ocr_par' dir='ltr' id='par_1_16' title="bbox 458 3693 828 3760">
     <span class='ocr_line' id='line_1_37' title="bbox 458 3693 828 3760; baseline 0.011 -4"><span class='ocrx_word' id='word_1_236' title='bbox 458 3693 655 3758; x_wconf 88' lang='lat' dir='ltr'><strong>libros</strong></span> <span class='ocrx_word' id='word_1_237' title='bbox 701 3693 828 3760; x_wconf 91' lang='grc' dir='ltr'><strong>ΠΙ.</strong></span> 
     </span>
    </p>
   </div>
   <div class='ocr_carea' id='block_1_12' title="bbox 462 3783 2574 3955">
    <p class='ocr_par' dir='ltr' id='par_1_17' title="bbox 462 3783 2574 3955">
     <span class='ocr_line' id='line_1_38' title="bbox 636 3783 2574 3871; baseline 0.003 -25"><span class='ocrx_word' id='word_1_238' title='bbox 636 3783 705 3847; x_wconf 89' lang='lat' dir='ltr'><strong>In</strong></span> <span class='ocrx_word' id='word_1_239' title='bbox 737 3785 1014 3870; x_wconf 89' lang='lat' dir='ltr'><strong>primam</strong></span> <span class='ocrx_word' id='word_1_240' title='bbox 1044 3793 1297 3871; x_wconf 87' lang='lat' dir='ltr'><strong>partem</strong></span> <span class='ocrx_word' id='word_1_241' title='bbox 1328 3783 1712 3871; x_wconf 82' lang='lat' dir='ltr'><strong>Samuhelis,</strong></span> <span class='ocrx_word' id='word_1_242' title='bbox 1745 3785 1811 3850; x_wconf 89' lang='lat' dir='ltr'><strong>id</strong></span> <span class='ocrx_word' id='word_1_243' title='bbox 1845 3794 1942 3851; x_wconf 87' lang='lat' dir='ltr'><strong>est</strong></span> <span class='ocrx_word' id='word_1_244' title='bbox 1971 3808 2172 3871; x_wconf 90' lang='lat' dir='ltr'><strong>usque</strong></span> <span class='ocrx_word' id='word_1_245' title='bbox 2203 3784 2286 3850; x_wconf 89' lang='lat' dir='ltr'><strong>ad</strong></span> <span class='ocrx_word' id='word_1_246' title='bbox 2319 3798 2574 3852; x_wconf 89' lang='lat' dir='ltr'><strong>mortem</strong></span> 
     </span>
     <span class='ocr_line' id='line_1_39' title="bbox 462 3865 1115 3955; baseline 0.006 -20"><span class='ocrx_word' id='word_1_247' title='bbox 462 3865 695 3955; x_wconf 82' lang='lat' dir='ltr'><strong>Saulis,</strong></span> <span class='ocrx_word' id='word_1_248' title='bbox 746 3871 941 3936; x_wconf 89' lang='lat' dir='ltr'><strong>libros</strong></span> <span class='ocrx_word' id='word_1_249' title='bbox 987 3873 1115 3940; x_wconf 93' lang='grc' dir='ltr'><strong>ΙΙΙ.</strong></span> 
     </span>
    </p>
   </div>
  </div>
 </body>
</html>
