2723 4326
170 256 240 307 V.
286 255 507 310 11-12.
1485 297 1488 299 ψ
2178 256 2305 320 245

174 432 409 517 quibus
458 431 771 518 aliquanti
814 430 941 494 iam
992 428 1390 495 dormierunt
1427 431 1495 494 in
1527 430 1800 495 domino.
1893 429 2045 518 Ipse
2091 441 2307 497 autem

174 519 476 586 Vilbrord
524 528 952 605 cognomento
1000 517 1299 584 Clemens
1346 518 1555 583 adhuc
1601 529 1894 605 superest
1939 520 2132 604 longa
2176 522 2306 587 iam

168 609 562 675 uenerabilis
627 617 877 691 aetate,
935 616 1161 696 utpote
1206 608 1603 673 tricesimum
1651 616 1716 673 et
1761 617 2017 674 sextum
2063 612 2131 673 in
2176 612 2306 695 epi·

167 708 442 786 scopatu
485 697 729 763 habens
776 720 1034 780 annum,
1064 706 1129 763 et
1174 706 1321 784 post
1365 697 1752 784 multiplices
1799 698 2067 764 militiae
2101 699 2304 763 caele·

166 788 293 853 stis
356 808 599 873 agones
668 785 751 851 ad
816 788 1105 873 praemia
1169 788 1706 853 remunerationis
1785 809 2102 874 supernae
2169 797 2306 852 tota

164 885 390 942 mente
438 877 783 963 suspirans.

1201 1109 1302 1171 12.

165 1264 254 1321 Vt
292 1264 536 1332 quidam
574 1265 641 1319 in
676 1227 1006 1334 prouincia
1036 1264 1681 1333 Nordanhymbrorum
1719 1281 1755 1319 a
1790 1267 2056 1322 mortuis
2094 1281 2305 1323 resur·

284 1366 434 1419 gens
471 1353 669 1409 multa
707 1354 770 1409 et
808 1353 1129 1409 tremenda
1167 1354 1230 1409 et
1269 1354 1702 1422 desideranda,
1745 1370 1899 1425 quae
1935 1357 2210 1425 uiderat,

1049 1442 1436 1499 narrauerit.

352 1583 476 1649 His
506 1584 906 1671 temporibus
936 1586 1313 1649 miraculum
1348 1588 1767 1653 memorabile
1800 1596 1866 1652 et
1897 1589 2308 1673 antiquorum

170 1673 383 1739 simile
428 1675 496 1737 in
541 1673 865 1738 Brittania
910 1673 1151 1738 factum
1204 1683 1321 1739 est.
1413 1675 1714 1761 Namque
1747 1674 1828 1739 ad
1853 1677 2308 1741 excitationem

168 1764 533 1827 uiuentium
579 1761 659 1827 de
704 1770 911 1825 morte
966 1764 1221 1829 animae
1281 1763 1544 1849 quidam
1603 1762 1973 1850 aliquandiu
2016 1774 2307 1829 mortuus

166 1851 255 1917 ad
301 1854 503 1917 uitam
551 1853 907 1916 resurrexit
962 1854 1247 1939 corporis
1304 1860 1370 1917 et
1423 1853 1626 1918 multa
1686 1862 2044 1919 memoratu
2089 1852 2304 1940 digna,

170 1963 341 2027 quae
386 1938 659 2025 uiderat,
684 1941 1013 2024 narrauit3
1064 1964 1101 2005 6
1150 1942 1380 2026 quibus
1425 1939 1532 2006 hic
1577 1943 1792 2027 aliqua
1835 1943 2122 2008 breuiter
2147 1966 2308 2031 per-

172 2028 555 2113 stringenda
600 2052 744 2094 esse
790 2032 1033 2117 putaui.
1127 2030 1289 2095 Erat
1336 2052 1494 2116 ergo
1539 2040 1724 2117 pater
1769 2031 2044 2097 familias
2089 2035 2157 2098 in
2210 2056 2307 2097 re-

169 2120 367 2206 gione
411 2117 1106 2205 Nordanhymbrorum
1120 2171 1139 2206 ,
1204 2140 1369 2207 quae
1439 2128 1706 2186 uocatur
1769 2119 2306 2206 Incuneningum,

169 2209 545 2292 religiosam
590 2231 737 2274 cum
783 2207 973 2274 domo
1021 2231 1136 2274 sua
1194 2230 1425 2293 gerens
1473 2212 1702 2293 uitam3
1772 2211 1882 2296 qui
1933 2209 2307 2275 infirmitate

172 2300 463 2383 corporis
512 2306 719 2363 tactus
766 2307 833 2363 et
878 2297 999 2362 hac
1046 2307 1376 2363 crescente
1407 2320 1523 2384 per
1557 2298 1693 2363 dies
1725 2297 1810 2363 ad
1841 2309 2131 2364 extrema
2160 2323 2304 2387 per—

172 2386 405 2451 ductus
450 2388 659 2473 primo
705 2397 998 2474 tempore
1045 2389 1252 2453 noctis
1298 2387 1637 2452 defunctus
1684 2397 1814 2472 est3
1871 2385 1986 2453 sed
2030 2385 2306 2453 diluculo

169 2476 568 2542 reuiuiscens
612 2498 688 2540 ac
732 2485 1001 2562 repente
1046 2474 1333 2541 residens
1382 2499 1621 2561 omneS,
1650 2479 1760 2563 qui
1791 2479 2045 2564 corpori
2075 2477 2306 2543 flentes

169 2564 567 2650 assederant,
614 2565 847 2630 timore
893 2566 1183 2630 inmenso
1228 2565 1556 2652 perculsos
1587 2567 1654 2630 in
1683 2566 1908 2652 fugam
1956 2569 2304 2633 conuertit:

168 2675 337 2717 uxor
382 2662 651 2734 tantum,
702 2676 867 2739 quae
916 2654 1187 2741 amplius
1220 2653 1502 2741 amabat,
1537 2657 1831 2741 quamuis
1864 2657 2139 2720 multum
2169 2665 2300 2721 tre·

167 2764 353 2807 mens
401 2752 466 2808 et
512 2742 780 2830 pauida,
826 2746 1167 2808 remansit:
1240 2765 1434 2829 quam
1494 2743 1600 2809 ille
1662 2745 2051 2811 consolatus:
2113 2744 2305 2810 ‘Noli'

168 2831 380 2916 inquit
429 2831 697 2914 ‘timere,
746 2833 900 2917 quia
942 2833 1070 2896 iam
1116 2854 1269 2898 uere
1314 2834 1640 2898 resurrexi
1686 2855 1724 2897 a
1771 2842 1995 2918 morte,
2045 2855 2173 2920 qua
2213 2843 2308 2898 te—

168 2920 377 2986 nebar
394 2970 411 3003 ,
474 2931 540 2986 et
600 2920 773 3006 apud
832 2920 1125 2986 homines
1188 2945 1328 2986 sum
1375 2922 1612 2986 iterum
1655 2924 1878 2987 'uiuere
1921 2925 2304 3010 permissus3

166 3031 303 3084 non
346 3018 566 3074 tamen
614 3032 691 3074 ea
736 3007 926 3093 mihi,
976 3032 1100 3096 qua
1147 3020 1298 3076 ante
1345 3033 1752 3095 consueram,
1800 3014 2303 3095 conuersatione,

168 3096 289 3163 sed
349 3097 621 3164 multum
685 3097 977 3163 dissimili
1046 3122 1127 3164 ex
1200 3099 1323 3164 hoc
1386 3109 1681 3188 tempore
1749 3101 2094 3165 uiuendum
2165 3101 2305 3166 est.'

172 3183 542 3273 Statimque
610 3209 879 3272 surgens
935 3186 1095 3252 abiit
1158 3187 1237 3254 ad
1284 3188 1545 3255 uillulae
1592 3190 1942 3255 oratorium
1989 3200 2056 3254 et
2101 3211 2304 3275 usque

166 3273 253 3340 ad
302 3274 471 3341 diem
516 3276 586 3341 in
632 3278 917 3341 oratione
964 3279 1311 3363 persistens
1356 3301 1510 3343 mox
1555 3300 1830 3363 omnem,
1863 3301 2058 3364 quam
2089 3300 2306 3364 posse-

170 3362 376 3446 derat,
446 3366 870 3431 substantiam
940 3367 1007 3429 in
1076 3375 1210 3432 tres
1288 3365 1506 3432 diuisit
1559 3369 1884 3454 portiones
1903 3417 1919 3446 ‚
1977 3391 2012 3433 6
2075 3367 2306 3454 quibus

167 3475 369 3518 unam
429 3455 714 3538 coniugi,
786 3453 1055 3519 alteram
1110 3454 1256 3520 filiis
1316 3455 1615 3541 tradidit,
1671 3458 1928 3522 tertiam
1990 3456 2113 3521 sibi
2165 3457 2306 3544 ipse

170 3551 535 3627 retentans,
594 3544 810 3608 statim
854 3545 1245 3630 pauperibus
1293 3543 1636 3610 distribuit.
1727 3545 1869 3610 Nec
1913 3547 2111 3610 multo
2159 3554 2306 3631 post

172 3631 414 3696 saeculi
482 3634 651 3696 curis
710 3632 1041 3697 absolutus
1101 3633 1183 3699 ad
1238 3636 1698 3699 monasterium
1755 3631 2022 3700 Mailros
2044 3685 2062 3717 ,
2135 3632 2307 3720 quod

172 3719 372 3785 Tuidi
428 3719 709 3786 fluminis
781 3721 1194 3787 circumflexu
1253 3725 1538 3788 maxima
1594 3745 1673 3788 ex
1733 3732 1918 3810 parte
1965 3721 2304 3806 clauditur,

169 3809 501 3896 peruenit3
561 3819 955 3897 acceptaque
1002 3820 1265 3877 tonsura
1317 3813 1530 3876 locum
1587 3823 1878 3877 secretae
1935 3814 2302 3897 mansionis,

168 3919 367 3985 quam
411 3897 824 3985 praeuiderat
870 3898 1089 3986 abbas,
1139 3901 1440 3967 intrauit:
1507 3909 1576 3966 et
1618 3901 1710 3967 ibi
1757 3923 1959 3988 usque
2007 3901 2090 3967 ad
2134 3902 2308 3965 diem
