2723 4326
2077 14 2123 23 w

97 168 180 219 V.
239 169 348 221 19.
2170 173 2298 236 263

333 342 434 407 At
480 344 587 407 ille
634 343 1021 410 Brittaniam
1074 347 1341 411 ueniens
1408 348 1782 411 coniunctus
1842 356 1941 411 est
2000 349 2299 412 amicitiis

109 433 486 498 Alchfridi
554 437 765 519 regis,
828 436 938 520 qui
1003 434 1350 499 catholicas
1417 436 1725 501 ecclesiae
1791 436 2051 521 regulas
2116 440 2297 523 sequi

114 545 421 609 semper
498 532 561 587 et
636 546 855 589 amare
933 522 1262 590 didicerat.
1356 521 1546 589 Vnde
1616 534 1679 589 et
1737 523 1845 589 ille
1867 575 1884 607 ,
1965 528 2116 611 quia
2193 550 2296 591 ca-

116 612 475 677 tholicum
524 635 669 676 eum
720 635 862 677 esse
911 615 1243 700 comperit,
1292 636 1445 677 mox
1492 611 1754 678 donauit
1799 623 2042 680 terram
2088 614 2156 678 X
2203 617 2294 679 fa-

119 701 484 768 miliarum
529 702 590 765 in
639 702 801 784 loce,
838 704 947 787 qui
978 702 1210 767 dicitur
1242 701 1569 787 Stanford,
1619 712 1684 767 et
1729 725 1857 767 non
1904 704 2106 768 multo
2153 714 2300 790 post

123 792 622 854 monasterium
657 788 861 855 XXX
908 791 1301 856 familiarum
1328 793 1398 855 in
1420 793 1590 870 loco,
1624 794 1735 877 qui
1765 802 2036 857 uocatur
2066 793 2286 879 Inhry·

125 902 351 965 pum3
408 902 597 965 quem
642 879 943 944 uidelicet
988 880 1197 945 locum
1232 881 1503 946 dederat
1532 879 1781 967 pridem
1814 880 1896 945 ad
1935 894 2298 947 construen-

130 967 309 1031 dum
383 968 545 1032 inibi
613 971 1074 1034 monasterium
1137 968 1255 1053 his,
1336 973 1446 1057 qui
1515 969 1771 1037 Scottos
1841 970 2295 1057 sequebantur.

134 1056 414 1121 Verum
460 1058 611 1143 quia
656 1058 748 1121 illi
794 1058 1205 1145 postmodum
1254 1062 1507 1146 optione
1554 1059 1705 1124 data
1751 1060 2112 1125 maluerunt
2157 1061 2297 1125 loco

137 1146 417 1228 cedere,
467 1168 660 1231 quam
703 1147 945 1233 pascha
992 1147 1378 1213 catholicum
1424 1156 1800 1234 ceterosque
1847 1152 2010 1213 ritus
2043 1151 2294 1213 canoni-

136 1258 261 1300 cos
313 1237 502 1299 iuxta
545 1235 877 1300 Romanae
909 1245 975 1300 et
1004 1238 1396 1323 apostolicae
1429 1238 1740 1302 ecclesiae
1772 1237 2297 1302 consuetudinem

139 1326 477 1410 recipere,
524 1322 702 1390 dedit
746 1324 867 1389 hoc
913 1325 1037 1409 illi,
1086 1348 1279 1411 quem
1328 1326 1700 1391 melioribus
1746 1325 2067 1390 imbutum
2113 1326 2296 1391 disci-

146 1413 355 1500 plinis
404 1435 483 1476 ac
529 1413 815 1478 moribus
862 1413 1044 1478 uidit.

341 1500 488 1579 Quo
532 1504 601 1566 in
631 1511 923 1589 tempore
948 1503 1030 1568 ad
1061 1505 1403 1568 iussionem
1435 1502 1714 1589 praefati
1745 1503 1918 1587 regis
1949 1503 2292 1589 presbyter

31 1642 32 1651 ,
148 1590 495 1656 ordinatus
542 1600 641 1656 est
685 1594 753 1656 in
800 1592 1027 1657 eodem
1058 1594 1447 1657 monasterio
1479 1592 1561 1656 ab
1581 1590 1961 1676 Agilbercto
1995 1594 2296 1677 episcopo

152 1679 627 1766 Geuissorum‚
689 1683 868 1745 cuius
915 1704 1108 1767 supra
1153 1682 1564 1746 meminimus
1587 1732 1605 1765 ,
1672 1679 2076 1745 desiderante
2121 1703 2297 1766 rege,

153 1779 232 1833 ut
280 1772 381 1834 uir
427 1779 646 1835 tantae
693 1771 1067 1835 eruditionis
1131 1793 1208 1836 ac
1254 1771 1586 1855 religionis
1634 1768 1755 1833 sibi
1801 1770 2161 1857 specialiter
2207 1772 2300 1834 in-

160 1856 429 1922 diuiduo
488 1860 795 1924 comitatu
850 1858 1147 1924 sacerdos
1205 1868 1378 1924 esset
1431 1882 1507 1923 ac
1567 1857 1808 1923 doctor.
1903 1858 2112 1938 Quem
2174 1879 2301 1923 non

162 1948 369 2012 multo
415 1959 562 2034 post
609 1946 891 2031 (detecta
935 1958 1001 2013 et
1046 1950 1409 2032 eliminata,
1477 1956 1550 2011 ut
1595 1957 1660 2012 et
1705 1971 1902 2034 supra
1946 1947 2301 2031 docuimuS,

165 2036 535 2102 Scottorum
601 2034 805 2123 secta)
875 2035 1157 2102 Galliam
1220 2039 1512 2121 mittens,
1577 2058 1724 2101 cum
1787 2036 2049 2102 consilio
2107 2048 2300 2123 atque

166 2148 483 2192 consensu
529 2126 730 2213 patris
779 2126 877 2191 sui
924 2125 1157 2212 Osuiu,
1215 2128 1590 2214 episcopum
1651 2126 1773 2191 sibi
1831 2128 2089 2212 rogauit
2136 2126 2301 2192 ordi-

166 2219 330 2301 nari,
380 2239 524 2280 cum
558 2225 726 2281 esset
755 2238 1066 2280 annorum
1101 2219 1355 2281 circiter
1387 2215 1617 2300 XXX,
1660 2216 1885 2281 eodem
1918 2215 2299 2300 Agilbercto

167 2314 325 2370 tunc
370 2307 813 2393 episcopatum
866 2315 1100 2390 agente
1158 2304 1528 2370 Parisiacae
1594 2306 1906 2388 ciuitatis3
1964 2327 2112 2368 cum
2176 2327 2301 2391 quo

172 2405 240 2459 et
284 2394 391 2458 alii
419 2393 525 2457 XI
572 2395 855 2482 episcopi
886 2393 965 2457 ad
997 2393 1467 2459 dedicationem
1504 2395 1809 2459 antistitis
1842 2396 2300 2459 conuenientes

172 2485 440 2548 multum
488 2482 838 2549 honorifice
884 2485 1311 2548 ministerium
1358 2483 1808 2569 impleuerunt.
1904 2481 2046 2560 Quo
2094 2482 2302 2547 adhuc

174 2575 241 2636 in
302 2574 741 2638 transmarinis
798 2574 1091 2660 partibus
1161 2572 1536 2637 demorante
1607 2581 2014 2654 consecratus
2081 2581 2180 2637 est
2234 2574 2301 2636 in

178 2663 609 2749 episcopatum
658 2661 973 2747 Eboraci,
1039 2663 1300 2727 iubente
1360 2683 1520 2746 rege
1578 2659 1809 2745 Osui0,
1878 2659 2140 2725 Oeadda
2201 2663 2303 2725 uir

177 2760 446 2834 sanctus,
492 2760 566 2815 ut
611 2773 807 2837 supra
851 2760 1276 2816 memoratum
1326 2760 1456 2834 est,
1506 2759 1571 2815 et
1615 2750 1822 2814 tribus
1869 2751 2050 2813 annis
2097 2751 2296 2814 eccle-

180 2843 333 2906 siam
381 2840 736 2905 sublimiter
794 2863 1027 2926 regens
1085 2840 1315 2906 dehinc
1381 2839 1460 2904 ad
1510 2840 1883 2904 monasterii
1942 2841 2065 2921 sui,
2131 2838 2300 2925 quod

182 2939 275 2995 est
315 2932 377 2994 in
406 2929 861 3014 Laestingaeu,
910 2952 1128 2993 curam
1162 2929 1444 3013 secessit,
1477 2930 1833 3015 accipiente
1865 2926 2140 2992 Vilfrido
2174 2930 2302 3015 epi-

184 3028 503 3105 scopatum
548 3020 745 3083 totius
792 3017 1482 3105 Nordanhymbrorum
1527 3020 1918 3104 prouinciae.

349 3105 474 3184 Qui
521 3105 753 3173 deinde
796 3116 1111 3191 regnante
1158 3105 1470 3193 Ecgfrido
1517 3107 1736 3194 pulsus
1785 3117 1882 3170 est
1928 3109 2299 3194 episcopatu

187 3205 249 3262 et
290 3198 387 3260 alii
432 3219 549 3282 pro
596 3197 703 3261 illo
752 3197 1109 3261 consecrati
1154 3199 1494 3280 antistites,
1523 3218 1793 3282 quorum
1841 3218 2036 3282 supra
2081 3197 2303 3259 memi-

185 3287 416 3350 nimus:
463 3286 866 3371 Romamque
913 3287 1117 3349 iturus
1164 3295 1231 3349 et
1276 3308 1494 3350 coram
1541 3284 1890 3371 apostolico
1936 3306 2106 3370 papa
2153 3306 2297 3346 cau-

189 3397 312 3440 sam
356 3373 657 3459 dicturus,
706 3376 817 3439 ubi
849 3397 1083 3439 nauem
1114 3372 1503 3456 conscendit,
1534 3373 1732 3439 flante
1755 3373 2046 3438 Fauonio
2078 3371 2299 3458 pulsus

192 3473 279 3528 est
298 3464 578 3528 Fresiam
613 3474 677 3528 et
707 3463 1058 3528 honorifice
1083 3473 1420 3550 susceptus
1453 3486 1492 3527 a
1537 3463 1831 3528 barbaris
1864 3485 1942 3526 ac
1970 3483 2129 3547 rege
2159 3462 2294 3525 illo-

191 3575 316 3618 rum
358 3552 648 3637 Aldgilso
703 3551 1122 3638 praedicabat
1184 3555 1275 3616 eis
1324 3550 1652 3616 Christum
1716 3562 1779 3615 et
1823 3551 2028 3615 multa
2075 3572 2298 3615 eorum

191 3642 347 3708 milia
385 3641 585 3706 uerbo
632 3642 925 3707 ueritatis
970 3644 1311 3706 instituens
1359 3664 1398 3705 a
1428 3650 1838 3727 peccatorum
1874 3661 2132 3704 suorum
2166 3662 2297 3704 sor-

194 3730 355 3795 dibus
399 3731 577 3795 fonte
610 3729 947 3796 saluatoris
978 3731 1215 3814 abluit3
1265 3740 1331 3794 et
1364 3728 1532 3815 quod
1564 3726 1973 3816 postmodum
1993 3728 2300 3794 Vilbrord

192 3821 719 3886 reuerentissimus
750 3817 993 3884 Christi
1024 3820 1315 3906 pontifex
1346 3820 1414 3882 in
1454 3840 1693 3902 magna
1739 3818 2078 3882 deuotione
2128 3839 2298 3883 com-
