2723 4326
139 183 188 235 Ι.
230 183 278 237 2.
2240 187 2279 249 9

143 369 211 424 et
269 359 685 425 breuissimus
741 361 1047 425 transitus
1109 370 1235 444 est3
1295 369 1358 425 et
1412 360 1683 424 nauibus
1731 363 2041 426 onerariis
2086 371 2281 447 atque

140 450 428 514 actuaris
463 451 718 514 circiter
749 452 1079 535 octoginta
1118 452 1517 535 praeparatis
1557 451 1623 512 in
1654 447 2041 516 Brittaniam
2073 460 2277 516 trans-

139 537 434 623 uehitur,
482 539 594 603 ubi
641 539 877 604 acerba
919 541 1200 625 primum
1245 539 1483 624 pugna
1511 539 1848 623 fatigatae,
1898 539 2127 604 deinde
2173 539 2280 604 ad-

139 650 338 693 uersa
400 636 784 715 tempestate
840 639 1174 714 correptus
1234 627 1575 714 plurimam
1634 627 1852 694 classis
1916 640 2167 715 partem
2215 639 2280 694 et

136 740 278 782 non
317 739 591 804 paruum
620 739 958 782 numerum
989 717 1286 800 militum,
1324 720 1609 803 equitum
1642 740 1795 782 uero
1827 741 1993 804 pene
2026 740 2279 783 omnem

135 805 548 892 disperdidit.
640 796 998 892 Regressus
1057 808 1124 871 in
1171 805 1488 890 Galliam,
1542 806 1830 891 legiones
1889 809 1956 872 in
2011 807 2282 872 hiberna

129 895 390 960 dimisit
445 918 522 959 ac
575 906 900 960 sescentas
953 917 1152 960 naues
1205 897 1540 981 utriusque
1604 896 1922 961 commodi
1972 894 2113 962 fieri
2166 899 2280 962 im-

139 987 420 1070 perauit.
499 982 748 1061 Quibus
793 987 1026 1048 iterum
1075 987 1141 1048 in
1187 983 1577 1048 Brittaniam
1624 987 1831 1071 primo
1878 1006 2030 1050 uere
2077 996 2279 1051 trans-

133 1083 400 1156 uectus,
452 1072 604 1138 dum
657 1076 797 1159 ipse
853 1076 919 1138 in
964 1074 1212 1138 hostem
1259 1097 1406 1138 cum
1453 1076 1741 1138 exercitu
1786 1075 2032 1160 pergit,
2080 1097 2277 1140 naues

139 1165 214 1227 in
259 1163 558 1228 anchoris
605 1172 848 1228 stantes
887 1171 1270 1249 tempestate
1301 1172 1640 1248 correptae
1671 1163 1774 1228 uel
1806 1164 2081 1228 conlisae
2112 1166 2279 1229 inter

139 1276 236 1336 se,
287 1253 390 1317 uel
435 1252 692 1317 harenis
737 1252 962 1317 inlisae
992 1275 1068 1316 ac
1101 1252 1448 1316 dissolutae
1495 1261 1670 1318 sunt:
1722 1275 1802 1317 ex
1851 1252 2081 1338 quibus
2128 1276 2279 1340 qua-

137 1342 454 1425 draginta
498 1343 849 1428 perierunt,
900 1350 1154 1406 ceterae
1201 1364 1344 1405 cum
1394 1363 1633 1425 magna
1677 1339 2055 1407 difficultate
2098 1365 2281 1428 repa-

141 1439 330 1495 ratae
387 1439 550 1494 sunt.
645 1428 944 1496 Caesaris
990 1432 1312 1516 equitatus
1371 1432 1579 1516 primo
1634 1453 1982 1515 congressu
2028 1454 2068 1496 a
2112 1430 2280 1496 Brit·

137 1521 318 1584 tanis
350 1521 558 1584 uictus
589 1519 808 1605 ibique
838 1519 1166 1585 Labienus
1198 1519 1491 1583 tribunus
1524 1521 1770 1584 occisus
1803 1528 1919 1584 est.
1984 1518 2278 1586 Secundo

139 1608 391 1694 proelio
448 1630 593 1673 cum
659 1629 896 1692 magno
954 1632 1214 1672 suorum
1261 1608 1631 1674 discrimine
1692 1611 1897 1674 uictos
1952 1607 2281 1674 Brittanos

139 1701 210 1760 in
271 1696 496 1780 fugam
555 1699 770 1762 uertit.
864 1697 1026 1762 Inde
1085 1696 1169 1763 ad
1215 1697 1453 1762 flumen
1502 1697 1873 1763 Tamensim
1933 1699 2280 1784 profectus.

137 1785 222 1852 In
247 1786 436 1850 huius
460 1786 762 1852 ulteriore
785 1789 928 1873 ripa
951 1784 1450 1851 Cassobellauno
1476 1786 1637 1852 duce
1662 1789 1977 1852 immensa
2001 1787 2278 1852 hostium

141 1875 490 1940 multitudo
537 1875 916 1940 consederat
974 1878 1312 1962 ripamque
1374 1875 1652 1940 fluminis
1708 1899 1784 1940 ac
1843 1898 2010 1962 pene
2073 1886 2278 1941 totum

135 1965 263 2029 sub
311 1985 482 2051 aqua
527 1963 767 2029 uadum
813 1967 1200 2029 acutissimis
1246 1964 1513 2030 sudibus
1558 1973 2063 2051 praestruxerat:
2124 1988 2275 2052 qua-

141 2077 290 2118 rum
349 2055 628 2138 uestigia
689 2053 944 2119 sudium
1000 2053 1240 2119 ibidem
1296 2076 1501 2139 usque
1565 2052 1753 2118 hodie
1821 2057 2143 2139 uisuntur,
2211 2065 2278 2120 et

143 2144 406 2209 uidetur
465 2143 1002 2231 inspectantibus,
1067 2143 1237 2230 quod
1283 2143 1573 2229 singulae
1622 2166 1841 2208 earum
1888 2142 2275 2209 admodum

143 2234 410 2299 humani
465 2234 728 2298 femoris
783 2256 1046 2318 grossae
1093 2243 1157 2299 et
1205 2232 1629 2299 circumfusae
1675 2232 1939 2319 plumbo
1984 2235 2278 2299 immobi-

143 2324 295 2388 liter
350 2331 536 2388 erant
593 2324 659 2387 in
717 2321 1105 2410 profundum
1163 2322 1440 2387 fluminis
1496 2320 1754 2387 infixae.
1846 2320 2036 2399 Quod
2081 2322 2192 2388 ubi
2238 2346 2275 2387 a

148 2413 462 2478 Romanis
511 2411 979 2499 deprehensum
1024 2434 1100 2476 ac
1145 2414 1421 2476 uitatum
1469 2418 1596 2495 est,
1644 2411 1904 2477 barbari
1949 2411 2273 2495 legionum

147 2504 464 2588 impetum
510 2524 638 2566 non
683 2500 965 2567 ferentes
1012 2500 1188 2565 siluis
1236 2524 1377 2567 sese
1424 2500 1762 2584 abdidere,
1818 2498 1985 2565 unde
2033 2501 2276 2566 crebris

145 2590 609 2678 irruptionibus
640 2589 965 2655 Romanos
1013 2591 1300 2675 grauiter
1347 2613 1423 2654 ac
1469 2613 1665 2676 saepe
1708 2590 2098 2662 lacerabant.
2168 2590 2273 2656 In-

146 2689 326 2746 terea
377 2678 849 2744 Trinouantum
895 2677 1264 2745 firmissima
1309 2680 1537 2745 ciuitas
1570 2702 1712 2743 cum
1746 2678 2081 2765 Androgio
2117 2680 2276 2745 duce

151 2770 316 2835 datis
361 2767 493 2834 XL
541 2769 868 2835 obsidibus
916 2766 1182 2834 Caesari
1227 2791 1369 2834 sese
1415 2768 1611 2835 dedit.
1690 2767 1880 2846 Quod
1912 2769 2274 2856 exemplum

153 2869 410 2923 secutae
460 2859 648 2923 urbes
697 2857 861 2923 aliae
907 2858 1269 2944 complures
1315 2859 1383 2922 in
1430 2856 1656 2923 foedus
1689 2857 2125 2923 Romanorum
2172 2880 2277 2922 ue-

149 2957 398 3013 nerunt.
464 2948 729 3013 Eisdem
776 2947 1367 3013 demonstrantibus
1415 2943 1656 3011 Caesar
1702 2947 2007 3051 oppidum
2048 2944 2273 3012 Casso-

151 3037 432 3103 bellauni
475 3038 646 3102 inter
684 3034 842 3101 duas
888 3035 1158 3123 paludes
1204 3038 1417 3122 situm,
1468 3037 1733 3101 obtentu
1779 3039 2040 3123 insuper
2087 3037 2273 3101 silua-

151 3150 290 3192 rum
345 3127 662 3191 munitum
711 3127 1133 3211 omnibusque
1187 3128 1382 3191 rebus
1429 3125 1969 3190 confertissimum
2017 3124 2276 3190 tandem

155 3218 334 3299 graui
382 3238 604 3302 pugna
649 3218 840 3302 cepit.
920 3214 1093 3279 Exin
1137 3213 1379 3281 Caesar
1424 3238 1463 3278 a
1508 3214 1823 3279 Brittanis
1867 3235 2165 3280 reuersus
2212 3216 2278 3278 in

149 3304 466 3390 Galliam,
531 3314 870 3391 postquam
915 3306 1203 3389 legiones
1252 3306 1317 3368 in
1363 3303 1633 3369 hiberna
1679 3306 1879 3388 misit,
1929 3305 2276 3389 repentinis

151 3394 464 3460 bellorum
527 3394 901 3459 tumultibus
961 3393 1244 3479 undique
1309 3394 1781 3458 circumuentus
1838 3401 1901 3456 et
1958 3391 2279 3457 conflicta·

149 3492 250 3548 tus
297 3493 412 3549 est.
