2723 4326
463 202 547 268 76
2448 200 2522 252 11.
2560 203 2609 256 7.

462 401 722 466 scopus,
790 378 1009 446 sedem
1053 377 1573 445 Doruuernensis
1618 378 1930 444 ecclesiae
1976 379 2202 445 tertius
2248 379 2331 444 ab
2384 377 2611 463 Augu-

461 471 631 534 stino
679 470 974 555 suscepit.
1059 467 1278 534 Iustus
1323 477 1541 533 autem
1588 467 1795 533 adhuc
1840 477 2165 555 superstes
2210 467 2612 534 Hrofensem

459 559 734 644 regebat
789 557 1149 623 ecclesiam.
1221 555 1372 640 Qui,
1420 579 1567 622 cum
1596 579 1839 642 magna
1868 558 2205 624 ecclesiam
2236 556 2612 642 Anglorum

459 669 617 713 cura
653 670 728 712 ac
771 646 997 712 labore
1046 647 1503 732 gubernarent,
1554 656 1971 734 susceperunt
2016 649 2257 732 scripta
2304 646 2611 711 exhorta·

457 738 627 802 toria
670 758 712 800 a
753 734 1059 822 pontifice
1104 735 1435 801 Romanae
1482 743 1548 800 et
1594 736 1983 822 apostolicae
2030 735 2200 800 sedis
2246 735 2609 818 Bonifatio,

457 827 570 912 qui
613 834 762 912 post
813 822 1173 890 Deusdedit
1220 825 1535 890 ecclesiae
1580 823 1880 911 praefuit,
1928 847 2095 890 anno
2140 826 2610 890 incarnationis

459 913 820 979 dominicae
872 911 1345 979 DC⁰XVIIII⁰.
1439 912 1604 978 Erat
1678 922 1894 978 autem
1948 912 2233 979 Mellitus
2314 914 2611 1000 corporis

459 1003 718 1090 quidem
741 1001 1157 1086 infirmitate,
1206 1001 1272 1066 id
1319 1010 1419 1067 est
1462 1003 1772 1089 podagra,
1821 1010 2149 1087 grauatus,
2208 1001 2323 1067 sed
2370 1003 2611 1067 mentis

457 1092 788 1178 gressibus
835 1093 1038 1175 sanis,
1105 1090 1406 1156 alacriter
1450 1101 1712 1156 terrena
1758 1112 2052 1178 quaeque
2097 1090 2478 1157 transiliens
2526 1099 2612 1156 at-

459 1204 584 1268 que
631 1179 717 1247 ad
762 1181 1066 1246 caelestia
1111 1202 1369 1267 semper
1424 1178 1726 1265 amanda,
1792 1179 2072 1267 petenda
2118 1188 2184 1246 et
2232 1180 2611 1267 quaerenda

456 1271 820 1357 peruolans.
884 1269 1048 1334 Erat
1077 1271 1286 1334 carnis
1319 1269 1572 1352 origine
1610 1270 1866 1352 nobilis,
1914 1267 2024 1334 sed
2056 1269 2335 1334 culmine
2368 1270 2611 1334 mentis

458 1359 752 1424 nobilior.

637 1446 958 1532 Denique,
1005 1455 1077 1511 ut
1105 1468 1302 1511 unum
1333 1447 1595 1512 uirtutis
1627 1447 1782 1532 eius,
1830 1446 2001 1512 unde
2043 1455 2263 1512 cetera
2306 1446 2612 1530 intellegi

456 1537 736 1622 possint,
802 1536 1241 1601 testimonium
1298 1534 1611 1618 referam,
1676 1545 1972 1622 tempore
2033 1534 2309 1623 quodam
2378 1537 2609 1601 ciuitas

456 1623 980 1690 Doruuernensis
1027 1646 1148 1711 per
1178 1624 1433 1710 culpam
1480 1625 1765 1690 incuriae
1820 1625 1961 1711 igni
2005 1633 2305 1711 correpta
2352 1625 2608 1690 crebre-

460 1714 791 1779 scentibus
824 1714 1035 1800 coepit
1065 1712 1343 1779 flammis
1391 1715 1710 1779 consumi:
1759 1715 1989 1800 quibus
2020 1736 2165 1778 cum
2198 1713 2377 1778 nullo
2414 1735 2605 1799 aqua-

454 1825 600 1868 rum
646 1803 884 1868 iniectu
928 1811 1145 1889 posset
1190 1803 1423 1889 aliquis
1470 1801 1783 1867 obsistere
1829 1804 2086 1889 iamque
2117 1803 2400 1868 ciuitatis
2436 1811 2601 1867 esset

503 1914 610 1955 ars
657 1899 913 1956 uastata
956 1913 1086 1956 non
1130 1893 1402 1956 minima
1446 1900 1641 1978 atque
1686 1892 1771 1956 ad
1815 1892 2209 1978 episcopium
2263 1891 2497 1957 furens
2542 1911 2605 1952 se

456 1914 719 2045 gamma
788 1978 1117 2064 dilataret,
1191 1978 1517 2045 confidens
1582 1982 1920 2067 episcopus
1978 1983 2045 2045 in
2104 1981 2431 2064 diuinum,
2499 1979 2605 2044 ubi

455 2067 808 2134 humanum
855 2067 1098 2154 deerat,
1148 2068 1459 2134 auxilium
1506 2069 1691 2134 iussit
1736 2092 1805 2134 se
1852 2069 2110 2135 obuiam
2158 2068 2604 2135 saeuientibus

455 2168 521 2224 et
578 2158 705 2224 huc
767 2156 1044 2245 illucque
1101 2156 1469 2223 uolantibus
1530 2159 1781 2245 ignium
1838 2158 2047 2243 globis
2107 2157 2341 2225 efferri.
2443 2157 2601 2223 Erat

454 2258 673 2313 autem
719 2270 794 2313 eo
839 2248 996 2332 loci,
1063 2248 1178 2312 ubi
1235 2246 1641 2312 flammarum
1698 2251 1978 2333 impetus
2022 2249 2305 2313 maxime
2349 2248 2598 2313 incum-

393 2332 402 2341 ’
453 2337 672 2420 bebat,
719 2338 1104 2421 martyrium
1149 2336 1486 2401 beatorum
1530 2335 1677 2402 IIII
1721 2334 2209 2403 Coronatorum.
2302 2336 2416 2402 Ibi
2461 2358 2599 2424 per-

454 2426 622 2490 latus
669 2425 1137 2511 obsequentum
1181 2425 1479 2489 manibus
1526 2426 1863 2513 episcopus
1907 2427 2120 2512 coepit
2150 2425 2398 2491 orando
2431 2425 2599 2513 peri-

455 2515 671 2578 culum
715 2514 1006 2579 infirmus
1052 2514 1353 2599 abigere,
1404 2514 1576 2598 quod
1621 2512 1808 2580 firma
1852 2514 2118 2579 fortium
2163 2537 2396 2580 manus
2444 2511 2595 2579 mul-

451 2611 592 2668 tum
638 2600 990 2667 laborando
1038 2604 1436 2688 nequiuerat.
1501 2602 1643 2667 Nec
1687 2625 1888 2688 mora,
1936 2613 2188 2687 uentus,
2237 2606 2349 2690 qui
2394 2625 2439 2669 a
2470 2624 2595 2669 me-

451 2691 618 2756 ridie
665 2691 826 2756 flans
871 2692 1017 2756 urbi
1061 2690 1360 2757 incendia
1419 2702 1766 2777 sparserat,
1830 2701 2053 2758 contra
2112 2690 2460 2758 meridiem
2506 2713 2597 2754 re-

453 2779 686 2864 flexus,
752 2781 961 2866 primo
1008 2782 1141 2844 uim
1189 2782 1286 2845 sui
1331 2780 1569 2845 furoris
1614 2803 1654 2845 a
1697 2782 1980 2847 laesione
2043 2781 2360 2865 locorum,
2434 2800 2594 2867 quae

455 2877 680 2932 contra
711 2878 915 2951 erant,
963 2869 1298 2951 abstraxit,
1345 2892 1423 2934 ac
1454 2890 1607 2933 mox
1651 2870 1936 2935 funditus
1982 2870 2369 2957 quiescendo
2420 2870 2593 2935 flam-

454 2958 575 3021 mis
619 2958 862 3043 pariter
911 2958 1133 3042 sopitis
1187 2966 1383 3043 atque
1438 2960 1771 3023 exstinctis
1832 2960 2246 3045 compescuit.
2309 2958 2401 3023 Et
2450 2958 2594 3045 quia

451 3046 556 3109 uir
602 3044 704 3110 dei
750 3047 904 3132 igne
951 3045 1207 3111 diuinae
1255 3047 1543 3111 caritatis
1588 3047 1845 3113 fortiter
1890 3047 2180 3131 ardebat,
2231 3049 2385 3134 quia
2432 3058 2591 3113 tem-

449 3143 736 3221 pestates
795 3143 1188 3221 potestatum
1245 3137 1568 3199 aeriarum
1614 3158 1655 3200 a
1701 3158 1817 3200 sua
1861 3158 2252 3221 suorumque
2311 3137 2591 3202 laesione

451 3223 697 3289 crebris
757 3222 1152 3289 orationibus
1197 3225 1303 3289 uel
1349 3223 1903 3289 exhortationibus
1961 3226 2275 3311 repellere
2333 3246 2590 3291 consue·

449 3322 665 3396 uerat,
727 3314 959 3378 merito
1019 3313 1230 3377 uentis
1283 3310 1690 3397 flammisque
1736 3311 2168 3379 mundialibus
2215 3315 2588 3401 praeualere

454 3408 538 3482 et,
586 3424 668 3467 ne
713 3402 836 3467 sibi
889 3402 1151 3487 suisque
1194 3410 1520 3485 nocerent,
1569 3401 1859 3468 obtinere
1903 3411 2178 3490 poterat.

626 3491 716 3554 Et
744 3489 852 3555 hic
893 3512 1052 3575 ergo
1098 3498 1442 3576 postquam
1486 3491 1669 3555 annis
1712 3492 1991 3577 quinque
2034 3493 2206 3557 rexit
2252 3493 2583 3559 ecclesiam

449 3573 826 3644 Aeodbaldo
883 3588 1198 3662 regnante
1255 3581 1567 3662 migrauit
1621 3576 1706 3643 ad
1751 3580 1961 3645 caelos
2014 3579 2440 3668 sepultusque
2494 3585 2584 3645 est

451 3686 596 3728 cum
650 3667 940 3752 patribus
1001 3668 1132 3731 suis
1178 3668 1245 3730 in
1289 3688 1485 3753 saepe
1540 3666 1711 3732 dicto
1768 3671 2157 3735 monasterio
2206 3679 2272 3733 et
2318 3669 2583 3736 ecclesia

449 3750 804 3819 beatissimi
864 3756 1299 3840 apostolorum
1368 3756 1701 3841 principis,
1774 3779 1939 3823 anno
1999 3758 2083 3822 ab
2147 3760 2580 3825 incarnatione

452 3837 696 3904 domini
739 3840 1218 3925 DO⁰XXIIII⁰,
1267 3841 1369 3907 die
1416 3852 1644 3909 octauo
1690 3844 2135 3912 Kalendarum
2180 3845 2523 3913 Maiarum.
