2723 4326
300 239 428 302 208
493 291 498 300 ,
2030 235 2150 286 1111.
2192 234 2429 289 23-24.

300 435 376 476 ac
399 411 672 498 suspiria
695 410 887 494 longa
918 408 1176 475 trahens
1207 412 1528 476 nuntiauit
1557 419 1830 477 matrem
1862 412 2115 476 illarum
2146 413 2436 475 omnium

301 499 457 566 Hild
521 500 917 564 abbatissam
961 501 1092 563 iam
1155 501 1469 584 migrasse
1516 498 1595 564 de
1656 501 1939 585 saeculo,
2003 509 2065 565 et
2120 522 2189 566 se
2249 522 2433 587 aspe-

301 598 516 656 ctante
534 610 678 653 cum
695 589 839 653 luce
869 589 1161 652 inmensa
1182 587 1453 652 ducibus
1484 589 1735 673 angelis
1765 586 1849 654 ad
1876 597 2180 655 aeternae
2210 589 2439 654 limina

298 680 458 744 lucis
514 687 579 743 et
633 699 1056 764 supernorum
1121 679 1443 742 consortia
1488 679 1724 743 ciuium
1769 676 2151 744 ascendisse.
2244 675 2438 756 Quod

302 791 446 833 cum
492 768 603 832 illa
648 765 970 850 audisset,
1020 768 1352 831 suscitauit
1401 777 1662 831 cunctas
1710 788 1964 832 sorores
2011 777 2077 833 et
2122 768 2189 831 in
2235 767 2437 831 eccle-

301 859 464 922 siam
509 864 894 921 conuocatas
939 855 1335 920 orationibus
1382 878 1458 920 ac
1504 856 1768 942 psalmis
1812 879 1931 943 pro
1962 857 2179 922 anima
2208 857 2437 921 matris

303 967 565 1032 operam
611 945 766 1009 dare
810 945 1079 1009 monuit.
1173 943 1363 1022 Quod
1410 966 1559 1008 cum
1602 944 1856 1010 residuo
1901 947 2109 1010 noctis
2141 954 2439 1031 tempore

303 1033 647 1119 diligenter
690 1042 994 1119 agerent,
1041 1043 1358 1098 uenerunt
1404 1035 1616 1121 primo
1660 1033 1953 1098 deluculo
2001 1035 2235 1100 fratres
2245 1085 2262 1118 ,
2326 1035 2441 1120 qui

302 1126 438 1188 eius
486 1123 732 1188 obitum
795 1123 1202 1207 nuntiarent,
1265 1145 1304 1186 a
1356 1123 1500 1187 loco
1519 1173 1538 1207 ,
1593 1123 1706 1187 ubi
1769 1123 2073 1188 defuncta
2134 1133 2249 1187 est.
2344 1121 2442 1186 At

303 1214 451 1277 illae
496 1210 956 1298 respondentes
1018 1210 1316 1276 dixerunt
1371 1233 1440 1276 se
1494 1212 1672 1299 prius
1726 1211 1955 1277 eadem
2020 1213 2438 1297 cognouisse:

304 1311 385 1385 et,
420 1322 566 1365 cum
599 1308 993 1386 exponerent
1024 1323 1139 1386 per
1171 1299 1481 1382 ordinem,
1515 1300 1835 1387 quomodo
1865 1301 2025 1365 haec
2047 1302 2153 1365 uel
2179 1299 2441 1387 quando

304 1389 691 1473 didicissent,
738 1390 1069 1453 inuentum
1117 1398 1235 1473 est,
1283 1388 1513 1454 eadem
1558 1388 1715 1454 hora
1758 1391 2099 1454 transitum
2145 1391 2281 1454 eius
2309 1388 2442 1453 illis

304 1487 629 1544 ostensum
677 1500 818 1542 esse
862 1499 979 1563 per
1024 1478 1365 1560 uisionem,
1412 1500 1539 1564 qua
1584 1477 1759 1543 illam
1805 1478 2179 1544 referebant
2224 1481 2441 1543 exisse

304 1566 384 1632 de
430 1565 684 1631 mundo.
777 1566 1182 1653 Pulchraque
1225 1589 1445 1631 rerum
1492 1567 1834 1632 concordia
1876 1576 2291 1655 procuratum
2339 1577 2445 1632 est

303 1656 640 1739 diuinitus,
686 1663 777 1740 ut,
838 1678 988 1720 cum
1031 1656 1123 1719 illi
1169 1657 1414 1720 exitum
1463 1657 1600 1720 eius
1645 1657 1727 1721 de
1773 1655 1894 1722 hac
1939 1658 2074 1720 uita
2118 1656 2437 1740 uiderent,

304 1755 458 1810 tunc
519 1746 628 1809 isti
683 1746 1017 1809 introitum
1079 1745 1212 1808 eius
1275 1745 1343 1809 in
1389 1754 1770 1831 perpetuam
1830 1747 2190 1811 animarum
2234 1747 2445 1809 uitam

305 1843 781 1918 cognoscerent.
872 1833 1138 1897 Distant
1202 1842 1417 1898 autem
1478 1836 1647 1899 inter
1717 1856 1785 1899 se
1844 1837 2234 1900 monasteria
2277 1833 2447 1900 haec

307 1921 485 1987 XIII
529 1923 729 1986 ferme
775 1921 1033 1987 milibus
1079 1944 1406 2009 passuum.

486 2010 732 2075 Ferunt
778 2019 1030 2094 autem,
1095 2010 1268 2096 quod
1313 2011 1539 2076 eadem
1588 2020 1810 2096 nocte,
1872 2012 1939 2076 in
1996 2013 2135 2098 ipso
2183 2033 2446 2098 quoque

307 2101 714 2183 monasterio,
760 2100 872 2165 ubi
903 2098 1199 2187 praefata
1230 2097 1335 2165 dei
1365 2099 1605 2167 famula
1628 2101 1805 2186 obiit,
1839 2099 2092 2167 cuidam
2114 2103 2448 2187 uirginum

309 2187 427 2255 deo
475 2188 872 2273 denotarum,
925 2212 1090 2275 quae
1135 2190 1309 2253 illam
1350 2192 1641 2255 inmenso
1674 2212 1894 2256 amore
1926 2190 2260 2277 diligebat,
2307 2192 2449 2255 obi-

308 2288 410 2343 tus
455 2279 625 2343 illius
669 2281 732 2342 in
779 2279 1024 2343 uisione
1069 2280 1467 2365 apparuerit,
1532 2302 1695 2365 quae
1760 2281 2041 2344 animam
2112 2282 2247 2344 eius
2294 2302 2449 2345 cum

308 2369 553 2452 angelis
603 2365 685 2431 ad
732 2367 979 2432 caelum
1023 2369 1118 2432 ire
1180 2370 1589 2455 conspexerit
1658 2376 1852 2455 atque
1906 2368 2028 2434 hoc
2073 2371 2249 2455 ipsa,
2315 2391 2451 2455 qua

307 2456 549 2521 factum
595 2465 712 2537 est,
760 2454 920 2519 hora
965 2455 1085 2540 his,
1135 2478 1297 2542 quae
1345 2480 1566 2522 secum
1611 2467 1829 2542 erant,
1896 2458 2152 2523 famulis
2199 2455 2448 2522 Christi

308 2546 646 2611 manifeste
691 2546 1052 2609 narrauerit
1099 2568 1334 2631 easque
1380 2545 1463 2610 ad
1508 2544 1819 2611 orandum
1866 2570 1981 2634 pro
2030 2548 2246 2611 anima
2286 2548 2448 2630 ciue,

311 2636 507 2699 etiam
572 2634 944 2720 priusquam
994 2643 1210 2699 cetera
1256 2636 1680 2720 congregatio
1728 2637 1865 2700 eius
1912 2635 2162 2700 obitum
2206 2658 2443 2721 cogno-

309 2725 530 2807 uisset,
577 2724 970 2788 excitauerit.
1067 2720 1255 2800 Quod
1300 2726 1393 2789 ita
1438 2724 1635 2789 fuisse
1682 2723 1926 2790 factum
1978 2746 2132 2789 mox
2176 2746 2451 2809 congre-

315 2812 562 2895 gationi
608 2834 796 2876 mane
841 2812 1014 2877 facto
1082 2814 1381 2877 innotuit.
1472 2811 1635 2877 Erat
1680 2815 1853 2877 enim
1895 2813 2057 2878 haec
2101 2815 2243 2900 ipsa
2288 2813 2451 2878 hora

313 2921 459 2963 cum
506 2898 646 2963 aliis
692 2901 1005 2965 nonnullis
1040 2897 1283 2965 Christi
1329 2901 1577 2965 ancillis
1621 2902 1689 2964 in
1720 2904 2027 2968 extremis
2073 2904 2451 2968 monasterii

310 2988 466 3051 locis
492 3009 778 3054 seorsum
801 2990 1031 3076 posita,
1053 2990 1167 3053 ubi
1196 3011 1403 3077 nuper
1432 2992 1761 3055 uenientes
1786 2992 1869 3056 ad
1893 2992 2454 3057 conuersationem

310 3076 591 3141 feminae
639 3077 928 3142 solebant
973 3079 1266 3165 probari,
1318 3078 1524 3144 donec
1569 3081 1957 3165 regulariter
2001 3082 2335 3146 institutae
2382 3082 2453 3144 in

313 3168 688 3232 societatem
736 3169 1256 3253 congregationis
1305 3170 1801 3254 susciperentur.

1235 3400 1320 3462 24
1370 3396 1525 3486 [22].

313 3552 484 3623 Quod
520 3553 588 3608 in
625 3552 1004 3609 monasterio
1043 3552 1176 3608 eius
1215 3553 1418 3609 fuerit
1454 3554 1696 3623 frater,
1756 3554 1856 3611 cul
1912 3555 2136 3611 donum
2189 3554 2453 3611 canendi

954 3640 1040 3696 sit
1079 3641 1388 3698 diuinitus
1430 3657 1806 3701 concessum.

490 3785 570 3850 In
624 3784 813 3850 huius
869 3790 1256 3852 monasterio
1313 3788 1679 3855 abbatissae
1739 3790 1861 3855 fuit
1924 3790 2128 3855 frater
2188 3790 2457 3875 quidam

315 3870 528 3935 diuina
575 3876 784 3957 gratia
831 3876 1195 3960 specialiter
1241 3879 1546 3963 insignis,
1611 3880 1759 3964 quia
1824 3880 2112 3944 carmina
2154 3880 2458 3961 religioni
