2723 4326
412 206 540 269 272
2349 206 2415 257 V.
2462 206 2560 259 21.

592 381 960 466 ‘Postquam
1006 403 1159 444 uero
1207 379 1448 466 pascha
1491 390 1781 444 nostrum
1827 382 2194 445 immolatus
2228 390 2322 445 est
2354 380 2552 447 Chri-

411 480 566 555 stus,
614 469 910 556 diemque
955 470 1137 533 nobis
1184 469 1588 554 dominicam,
1638 491 1804 554 quae
1849 468 2020 556 apud
2068 472 2365 555 antiquos
2409 492 2557 535 una

410 560 515 624 uel
561 561 771 645 prima
818 559 1072 623 sabbati
1118 560 1253 623 siue
1300 557 1717 622 sabbatorum
1762 568 2048 641 uocatur,
2099 559 2336 643 gaudio
2383 582 2553 625 suae

410 649 894 713 resurrectionis
954 647 1109 711 fecit
1157 668 1295 711 esse
1343 646 1749 730 sollemnem3
1809 649 1901 712 ita
1958 648 2128 712 hanc
2186 649 2554 735 apostolica.

408 737 668 802 traditio
713 737 893 801 festis
953 734 1357 822 paschalibus
1417 738 1713 819 inseruit,
1775 746 1847 800 ut
1893 738 1984 801 nil
2030 736 2410 802 omnimodis
2461 736 2551 802 de

406 835 700 912 tempore
748 825 1026 912 paschae
1070 824 1299 908 legalis
1344 824 1972 910 praeoccupandum,
2033 825 2193 890 nihil
2253 828 2550 890 minuen-

410 915 561 979 dum
610 936 751 978 esse
795 912 1189 978 decerneret.
1284 912 1459 992 Quin
1503 915 1716 999 potius
1764 916 2015 998 statuit,
2078 923 2149 977 ut
2209 924 2549 1000 exspecta-

408 1013 587 1069 retur
637 1005 815 1067 iuxta
870 1013 1288 1089 praeceptum
1332 1003 1499 1087 legis
1545 1001 1718 1066 idem
1771 1004 2016 1089 primus
2071 1005 2226 1068 anni
2281 1005 2544 1087 mensiS,

410 1102 863 1179 expectaretur
907 1100 1136 1178 quarta
1181 1089 1430 1155 decima
1473 1089 1608 1155 dies
1653 1092 1856 1175 1111116,
1919 1101 2372 1178 expectaretur
2427 1114 2547 1157 ue-

409 1204 597 1267 spera
643 1178 948 1245 eiusdem.
1025 1181 1113 1244 Et
1158 1202 1305 1244 cum
1350 1180 1510 1245 haec
1557 1177 1692 1243 dies
1736 1182 1804 1244 in
1850 1181 2192 1245 sabbatum
2235 1181 2399 1245 forte
2447 1184 2546 1246 in-

408 1270 652 1354 ciderit,
698 1269 953 1334 tolleret
997 1271 1432 1354 unusquisque
1476 1290 1717 1354 agnum
1764 1291 1882 1354 per
1912 1270 2187 1334 familias
2220 1280 2286 1334 et
2315 1268 2544 1334 domos

409 1381 555 1423 suas
604 1368 667 1422 et
713 1358 1076 1422 immolaret
1124 1379 1269 1422 eum
1314 1358 1398 1423 ad
1443 1379 1804 1444 uesperam,
1851 1357 1918 1422 id
1951 1370 2047 1423 est
2079 1367 2547 1444 praepararent

409 1469 628 1511 omnes
660 1446 966 1511 ecclesiae
996 1468 1115 1532 per
1144 1445 1386 1529 orbem,
1435 1467 1602 1530 quae
1631 1469 1826 1511 unam
1859 1447 2244 1511 catholicam
2273 1447 2541 1531 faciunt,

407 1558 641 1622 panem
688 1543 754 1601 et
797 1536 1021 1599 uinum
1067 1536 1133 1597 in
1177 1538 1559 1621 mysterium
1614 1537 1824 1599 carnis
1881 1545 1946 1600 et
2000 1538 2328 1621 sanguinis
2384 1540 2544 1621 agni

406 1625 824 1707 immaculati,
887 1626 996 1709 qui
1041 1624 1302 1688 abstulit
1345 1632 1610 1711 peccata
1668 1623 1922 1689 mundi:
1985 1634 2050 1689 et
2109 1624 2542 1711 praecedente

407 1736 691 1799 congrua
723 1714 1086 1797 lectionum,
1136 1714 1515 1797 orationum,
1564 1715 2110 1778 caeremoniarum
2141 1713 2543 1801 paschalium

408 1802 836 1868 sollemnitate
892 1802 1164 1867 offerent
1217 1800 1377 1866 11666
1431 1800 1686 1865 domino
1733 1804 1800 1865 in
1847 1825 2029 1889 spem
2084 1804 2337 1867 futurae
2385 1825 2540 1867 suae

407 1889 840 1956 redemtionis.
932 1889 1087 1977 Ipsa
1132 1899 1229 1954 est
1274 1891 1446 1955 enim
1494 1888 1717 1954 eadem
1774 1913 1931 1975 nox,
1994 1894 2061 1956 in
2107 1914 2236 1977 qua
2282 1890 2360 1957 de
2405 1890 2538 1956 Α6-

410 1989 611 2066 gypto
678 2002 795 2065 per
858 1982 1232 2064 sanguinem
1299 1980 1451 2064 agni
1505 1978 1862 2044 Israelitica
1904 1980 2085 2066 plebs
2133 1989 2352 2066 erepta
2409 1990 2537 2064 est3

408 2071 575 2155 ipsa,
635 2070 699 2131 in
760 2091 887 2154 qua
945 2092 1063 2155 per
1120 2070 1654 2133 resurrectionem
1699 2068 1941 2134 Christi
1996 2069 2304 2134 liberatus
2352 2080 2450 2134 est
2502 2092 2540 2133 a

411 2167 619 2223 morte
666 2169 933 2223 aeterna
991 2156 1263 2244 populus
1325 2158 1531 2222 omnis
1578 2156 1700 2224 dei.
1791 2156 1985 2223 Mane
2031 2170 2248 2224 autem
2301 2159 2539 2224 inluce-

408 2257 627 2311 scente
687 2247 789 2312 die
848 2245 1193 2330 dominica,
1254 2248 1531 2333 primam
1591 2246 1909 2334 paschalis
1966 2249 2118 2312 festi
2160 2249 2330 2313 diem
2375 2249 2538 2313 cele-

411 2336 691 2405 brarent.
782 2335 936 2423 Ipsa
982 2344 1079 2400 est
1125 2337 1295 2399 enim
1342 2335 1509 2419 dies,
1574 2337 1642 2400 in
1688 2359 1814 2422 qua
1859 2338 2342 2401 resurrectionis
2383 2361 2538 2402 suae

410 2425 681 2510 gloriam
729 2423 1021 2488 dominus
1068 2424 1413 2488 multifario
1460 2427 1604 2510 piae
1649 2425 2057 2490 reuelationis
2088 2424 2322 2510 gaudio
2353 2427 2540 2491 disci·
2713 2403 2715 2495 l

410 2515 576 2600 pulis
626 2513 950 2600 patefecit.
1014 2511 1167 2598 Ipsa
1212 2514 1422 2598 prima
1469 2511 1604 2578 dies
1650 2536 2046 2599 azymorum,
2093 2512 2172 2579 de
2213 2537 2340 2602 qua
2384 2516 2544 2580 mul-

411 2615 550 2665 tum
581 2602 880 2667 distincte
912 2602 979 2667 in
1008 2601 1304 2667 Leuitico
1336 2603 1647 2688 scriptum
1679 2612 1775 2667 est
1822 2601 1955 2689 (23,
1993 2601 2222 2688 5—7):
2278 2601 2544 2690 „Mense

410 2693 639 2776 prim0,
689 2700 919 2776 quarta
963 2689 1213 2754 decima
1259 2689 1360 2754 die
1409 2692 1644 2755 mensis
1690 2691 1773 2755 ad
1817 2713 2157 2777 uesperam
2201 2690 2401 2779 phase
2432 2692 2541 2756 do-

410 2781 567 2843 mini
622 2790 717 2844 est
771 2789 835 2844 et
882 2781 1107 2866 quinta
1152 2777 1404 2844 decima
1460 2780 1563 2845 die
1616 2781 1853 2844 mensis
1907 2779 2092 2844 huius
2150 2782 2542 2846 sollemnitas

411 2890 785 2952 azymorum
833 2868 1073 2933 domini
1120 2878 1237 2934 est.
1310 2868 1579 2953 Septem
1626 2867 1849 2933 diebus
1895 2891 2126 2953 azyma
2171 2869 2540 2936 comedetis.

412 2955 573 3021 Dies
619 2959 864 3043 primus
910 2959 1032 3022 erit
1078 2957 1532 3022 celeberrimus
1578 2955 2024 3044 sanctusque.“

593 3044 686 3111 ‘Si
748 3069 903 3132 ergo
964 3044 1103 3111 fieri
1162 3056 1405 3133 posset,
1477 3055 1549 3110 ut
1608 3069 1861 3132 semper
1906 3049 1970 3110 in
2018 3044 2188 3112 diem
2246 3049 2539 3135 quintum

411 3132 731 3199 decimum
778 3137 969 3220 primi
1015 3135 1273 3218 mensiS,
1311 3135 1386 3198 id
1417 3145 1514 3199 est
1545 3135 1858 3200 111111116111
1891 3137 2178 3220 quintam
2225 3136 2541 3203 decimam

413 3224 730 3289 dominica
776 3225 911 3288 dies
956 3225 1331 3304 incurreret,
1379 3246 1503 3287 uno
1553 3246 1806 3310 semper
1853 3223 2204 3310 eodemque
2249 3235 2540 3312 tempore

414 3335 559 3376 cum
590 3315 851 3398 antiquo
883 3313 988 3378 dei
1018 3312 1274 3398 popule,
1323 3334 1689 3398 quanquam
1721 3324 2264 3378 sacramentorum
2297 3336 2538 3398 genere

412 3399 709 3486 discrete,
757 3404 922 3466 sicut
968 3423 1097 3464 una
1142 3401 1497 3487 eademque
1543 3400 1688 3484 fide,
1736 3401 1976 3488 pascha
2021 3402 2348 3467 celebrare
2395 3426 2538 3489 pos·

413 3511 643 3554 semus.
710 3488 879 3567 Quia
923 3512 1077 3553 uero
1125 3490 1261 3555 dies
1307 3491 1706 3577 septimanae
1749 3513 1876 3555 non
1921 3490 2173 3576 aequali
2214 3513 2361 3556 cum
2387 3493 2541 3558 luna

415 3580 671 3642 tramite
716 3580 1066 3664 procurrit,
1129 3577 1415 3642 decreuit
1461 3579 1812 3665 apostolica
1857 3579 2147 3661 traditio,
2209 3602 2372 3665 quae
2419 3604 2538 3667 per

411 3664 673 3729 beatum
719 3668 984 3731 Petrum
1029 3666 1271 3731 Romae
1318 3668 1705 3754 praedicata,
1753 3690 1870 3753 per
1915 3666 2209 3733 Marcum
2259 3691 2537 3753 euange-

412 3753 629 3815 listam
676 3765 738 3819 et
784 3757 1201 3842 interpretem
1254 3758 1453 3842 ipsius
1499 3754 1930 3821 Alexandriae
1991 3756 2362 3821 confirmata
2416 3768 2532 3842 est,

413 3847 485 3902 ut
545 3841 923 3908 adueniente
981 3846 1189 3929 primo
1246 3867 1494 3929 mense,
1561 3843 1942 3910 adueniente
2001 3848 2070 3910 in
2130 3868 2202 3910 eo
2264 3869 2536 3933 uespera
2705 3893 2707 3961 1
