2723 4326
179 192 304 246 1111.
344 195 430 250 27.
1992 237 1997 242 -
2189 200 2317 264 217

73 381 90 394 ‘
181 372 481 436 nensium
540 370 852 436 ecclesiae
915 371 1129 436 uirum
1189 379 1481 436 sanctum
1536 380 1602 437 et
1658 371 2102 437 uenerabilem
2148 370 2323 439 Oud-

178 460 498 545 berctum,
547 462 658 546 qui
694 461 762 524 in
807 460 1016 524 insula
1059 458 1452 546 permodica,
1502 482 1667 547 quae
1713 460 2079 547 appellatur
2106 462 2321 528 Farno

181 558 247 615 et
295 549 379 614 ab
437 549 660 615 eadem
719 548 992 615 ecclesia
1045 570 1278 614 nouem
1333 549 1540 615 ferme
1593 550 1851 615 milibus
1903 571 2207 636 passuum
2254 555 2323 618 in

179 636 448 704 Oceano
494 639 720 726 procul
765 638 978 718 abest,
1049 640 1252 704 uitam
1301 639 1653 704 solitariam
1699 661 1817 724 per
1860 661 2059 704 annos
2105 640 2320 727 plures

177 728 247 792 in
293 749 536 812 magna
593 730 881 813 corporis
941 737 1006 792 et
1063 729 1296 794 mentis
1357 729 1747 792 continentia
1808 726 2096 793 duxerat.
2190 727 2320 808 Qui

180 815 442 904 quidem
487 839 529 882 a
573 819 783 903 prima
828 824 1044 882 aetate
1102 818 1417 903 pueritiae
1476 816 1686 883 studio
1744 817 2087 902 religiosae
2144 819 2320 884 uitae

179 927 439 991 semper
482 905 782 989 ardebat,
829 903 942 970 sed
972 906 1056 971 ab
1086 907 1349 972 ineunte
1394 905 1831 972 adulescentia
1874 905 2318 974 monachicum

178 1003 245 1060 et
299 1017 534 1060 nomen
598 992 910 1060 adsumsit
966 1004 1032 1060 et
1086 993 1399 1060 habitum.
1492 995 1773 1060 Intrauit
1831 1005 2048 1060 autem
2109 997 2319 1084 primo

175 1085 642 1150 monasterium
673 1083 962 1167 Mailros,
1011 1083 1183 1170 quod
1213 1086 1282 1150 in
1309 1087 1457 1171 ripa
1488 1083 1683 1150 Tuidi
1712 1084 1994 1150 fluminis
2038 1087 2317 1171 positum

177 1183 356 1242 tunc,
391 1172 594 1238 abbas
637 1171 808 1238 Eata
860 1173 963 1237 uir
1019 1173 1310 1238 omnium
1353 1174 1907 1239 mansuetissimus
1952 1196 2031 1240 ac
2077 1174 2317 1262 simpli·

179 1263 474 1328 cissimus
536 1261 837 1347 regebat:
909 1263 1021 1348 qui
1081 1272 1310 1349 postea
1379 1263 1719 1350 episcopus
1778 1262 2321 1346 Hagustaldensis

179 1352 319 1417 siue
345 1349 890 1416 Lindisfarnensis
939 1351 1250 1418 ecclesiae
1297 1350 1509 1416 factus
1556 1361 1674 1436 est,
1722 1361 1793 1416 ut
1839 1373 2037 1438 supra
2080 1374 2319 1419 memo·-

176 1442 496 1526 rauimus,
558 1442 663 1506 cui
717 1448 1010 1528 tempore
1053 1439 1164 1506 illo
1225 1442 1632 1528 praepositus
1676 1440 1880 1506 Boisil
1937 1463 2321 1527 magnarum

177 1531 495 1594 uirtutum
526 1538 591 1594 et
635 1528 999 1617 prophetici
1045 1529 1309 1615 spiritus
1355 1528 1655 1595 sacerdos
1686 1529 1829 1594 fuit.
1891 1529 2105 1595 Huius
2135 1528 2320 1596 disci-

176 1617 430 1705 pulatui
478 1615 807 1683 Cudberct
851 1617 1179 1683 humiliter
1226 1618 1551 1704 subditus,
1608 1627 1673 1683 et
1728 1619 2066 1684 scientiam
2111 1621 2194 1685 ab
2242 1642 2319 1685 eo

178 1709 646 1794 scripturarum
693 1715 757 1772 et
801 1705 1116 1772 bonorum
1163 1729 1432 1793 operum
1478 1709 1705 1772 sumsit
1752 1707 2068 1793 exempla.

357 1793 487 1873 Qui
531 1804 872 1882 postquam
903 1796 1212 1881 migrauit
1240 1795 1324 1861 ad
1353 1795 1703 1881 dominum,
1751 1792 2078 1861 Cudberct
2108 1794 2318 1862 eidem

178 1887 571 1950 monasterio
629 1885 838 1950 factus
897 1885 1267 1972 propositus
1326 1885 1542 1972 plures
1611 1892 1677 1949 et
1743 1885 2128 1950 auctoritate
2187 1908 2318 1949 ma-

180 1975 376 2060 gistri
422 1983 488 2039 et
535 1973 831 2060 exemplo
879 1996 1033 2040 suae
1077 1975 1351 2040 actionis
1396 1973 1763 2059 regularem
1809 1974 2189 2039 instituebat
2235 1975 2318 2040 ad
2414 1993 2427 2008 ⁸

179 2064 404 2128 uitam.
469 2063 613 2128 Nec
645 2065 853 2129 solum
883 2064 1009 2149 ipsi
1056 2064 1451 2128 monasterio
1497 2063 1810 2148 regularis
1855 2065 2028 2130 uitae
2075 2066 2319 2129 monita

183 2152 374 2221 simul
413 2161 478 2217 et
523 2153 821 2240 exempla
866 2151 1242 2240 praebebat,
1289 2151 1403 2219 sed
1436 2161 1500 2219 et
1528 2151 1762 2238 uulgus
1795 2153 2320 2239 circumpositum

180 2244 378 2326 longe
430 2242 689 2327 lateque
735 2264 774 2306 a
819 2244 958 2308 uita
1004 2242 1236 2307 stultae
1292 2241 1769 2307 consuetudinis
1816 2241 1899 2307 ad
1946 2242 2320 2307 caelestium

184 2328 572 2417 gaudiorum
633 2342 1010 2397 conuertere
1069 2328 1338 2397 curabat
1396 2352 1701 2396 amorem.
1796 2329 1969 2396 Nam
2014 2339 2078 2395 et
2135 2332 2321 2395 multi

184 2418 414 2505 fidem,
472 2441 665 2506 quam
711 2419 1065 2504 habebant,
1124 2421 1360 2506 iniquis
1405 2420 1834 2509 profanabant
1879 2419 2207 2507 operibus:
2258 2431 2323 2484 et

186 2509 389 2595 aliqui
433 2510 629 2574 etiam
683 2518 974 2595 tempore
1031 2510 1471 2591 mortalitatis,
1531 2509 1841 2595 neglectis
1900 2508 2050 2577 fidei
2111 2531 2319 2574 sacra-

187 2598 448 2683 mentis,
496 2598 728 2684 quibus
774 2606 959 2663 erant
1002 2597 1233 2683 inbuti,
1287 2597 1373 2663 ad
1420 2600 1699 2667 erratica
1742 2598 2079 2664 idolatriae
2123 2595 2322 2663 medi-

189 2688 444 2754 camina
489 2686 982 2771 concurrebant3
1034 2689 1218 2773 quasi
1264 2688 1528 2752 missam
1574 2708 1613 2751 a
1650 2686 1770 2753 deo
1817 2685 2148 2753 conditore
2192 2688 2325 2773 pla-

190 2797 348 2861 gam
404 2797 521 2861 per
567 2776 1035 2841 incantationes
1090 2776 1196 2841 uel
1253 2776 1597 2863 fylacteria
1654 2776 1760 2841 uel
1818 2777 1946 2842 alia
2004 2776 2331 2862 quaelibet

191 2864 608 2931 daemonicae
651 2866 812 2931 artis
858 2886 1096 2931 arcana
1142 2864 1442 2930 cohibere
1486 2866 1800 2931 ualerent.
1862 2862 1970 2929 Ad
2014 2875 2328 2930 utrorum-

192 2975 321 3040 que
367 2975 524 3039 ergo
571 2951 1024 3038 corrigendum
1071 2976 1352 3019 errorem
1402 2953 1627 3019 crebro
1657 2955 1797 3040 ipse
1830 2952 1910 3018 de
1940 2956 2329 3020 monasterio

195 3064 525 3127 egressus,
582 3043 921 3129 aliquoties
981 3064 1144 3130 equo
1206 3041 1466 3128 sedens,
1522 3041 1639 3108 sed
1699 3044 1953 3131 saepius
1998 3042 2195 3130 pedes
2240 3044 2329 3106 in-

192 3131 454 3216 cedens,
501 3132 986 3218 circumpositas
1030 3131 1334 3197 ueniebat
1379 3131 1464 3197 ad
1506 3131 1693 3195 uillas
1726 3140 1792 3196 et
1821 3133 1997 3197 uiam
2040 3133 2333 3197 ueritatis

195 3218 618 3308 praedicabat
665 3220 1057 3304 errantibus3
1105 3220 1277 3308 quod
1321 3223 1536 3308 ipsum
1568 3221 1764 3286 etiam
1794 3219 1997 3285 Boisil
2028 3241 2142 3284 suo
2174 3228 2332 3284 tem-

195 3331 356 3396 pore
404 3307 623 3375 facere
670 3318 1107 3375 consueuerat.
1177 3309 1340 3374 Erat
1387 3311 1629 3396 quippe
1674 3312 1871 3374 moris
1920 3331 1995 3373 eo
2040 3318 2335 3395 tempore

197 3398 454 3485 populis
483 3394 868 3483 Anglorum,
915 3407 988 3465 ut
1031 3398 1332 3465 ueniente
1379 3400 1442 3463 in
1489 3396 1711 3462 uillam
1756 3396 1987 3463 clerico
2024 3398 2129 3463 uel
2161 3419 2335 3484 pres·

199 3487 436 3574 bytero
495 3488 711 3552 cuncti
769 3486 852 3551 ad
912 3489 1047 3553 eius
1109 3488 1455 3573 imperium
1523 3485 1796 3551 uerbum
1853 3484 2132 3552 audituri
2190 3508 2335 3551 con-

204 3575 506 3651 fluerent3
553 3574 828 3642 libenter
853 3597 951 3661 ea,
999 3597 1164 3662 quae
1209 3576 1595 3661 dicerentur,
1642 3575 1968 3659 audirent3
2015 3575 2337 3661 libentius,

206 3686 372 3750 quae
403 3663 626 3729 audire
651 3673 716 3728 et
745 3664 1126 3749 intellegere
1156 3673 1476 3750 poterant,
1526 3663 1851 3751 operando
1897 3672 2339 3751 sequerentur.

205 3754 410 3818 Porro
456 3750 820 3817 Oudbercto
867 3761 1050 3818 tanta
1094 3762 1233 3818 erat
1276 3751 1531 3818 dicendi
1574 3754 1839 3840 peritia,
1900 3763 2115 3820 tantus
2162 3776 2343 3820 amor

207 3840 665 3928 persuadendi,
728 3863 894 3927 quae
949 3851 1280 3929 coeperat,
1340 3842 1475 3907 tale
1523 3842 1737 3907 uultus
1784 3843 2061 3927 angelici
2104 3842 2340 3927 lumen,
