2723 4326
404 218 488 281 42
2366 223 2409 276 Ι.
2446 223 2547 278 27.

404 396 555 481 quia
615 396 925 482 scriptum
973 405 1070 460 est
1124 398 1189 459 in
1245 396 1390 480 lege
1438 395 1651 482 (Deut.
1700 399 1806 479 23,
1856 395 1998 484 25):
2063 397 2213 464 ‘Per
2258 400 2541 464 alienam

398 505 670 549 messem
731 486 1050 549 transiens
1107 485 1338 551 falcem
1397 488 1653 552 mittere
1698 508 1827 551 non
1874 486 2099 570 debet,
2171 487 2283 553 sed
2338 511 2539 554 manu

397 575 604 660 spicas
671 583 1002 638 conterere
1069 585 1136 640 et
1199 574 1633 640 manducare.'
1744 575 2007 641 Falcem
2074 578 2247 641 enim
2314 578 2547 643 iudicii

396 665 653 726 mittere
697 683 826 726 non
875 672 1061 749 potes
1108 665 1175 727 in
1223 686 1300 728 ea
1347 673 1594 749 segete,
1644 686 1808 750 quae
1854 665 2044 730 alteri
2088 665 2347 730 uidetur
2392 689 2545 732 esse

401 753 769 836 commissa3
827 751 942 816 sed
997 774 1113 837 per
1159 752 1459 818 affectum
1509 753 1660 818 boni
1708 755 1920 841 operis
1966 754 2291 820 frumenta
2337 753 2538 820 domi·-

399 843 544 906 nica
588 841 892 905 uitiorum
941 863 1200 905 suorum
1246 842 1445 928 paleis
1494 841 1800 929 exspolia,
1851 852 1915 907 et
1953 845 2021 908 in
2052 845 2360 910 ecclesiae
2392 866 2533 908 eor-

399 953 557 1016 pore
601 929 920 995 monendo
969 938 1035 995 et
1078 929 1523 1017 persuadendo
1572 933 1755 1019 quasi
1800 930 2160 998 mandendo
2208 943 2540 999 conuerte.

399 1017 729 1106 Quidquid
783 1041 937 1084 uero
995 1042 1076 1084 ex
1130 1021 1514 1085 auctoritate
1574 1019 1900 1106 agendum
1948 1031 2075 1105 est,
2144 1044 2287 1086 cum
2350 1045 2535 1108 prae-

399 1106 570 1174 dicto
617 1106 998 1174 Arelatense
1043 1109 1342 1196 episcopo
1390 1117 1653 1195 agatur,
1708 1130 1791 1174 ne
1848 1113 2275 1196 praetermitti
2329 1113 2546 1198 possit

397 1195 538 1282 hoc,
589 1195 760 1284 quod
805 1199 1071 1284 antiqua
1099 1207 1356 1284 patrum
1388 1199 1701 1264 institutio
1732 1199 1998 1264 inuenit.
2062 1198 2539 1266 Brittaniarum

399 1309 554 1352 uero
602 1309 821 1350 omnes
878 1288 1212 1374 episcopos
1265 1296 1416 1353 tuae
1474 1286 1861 1352 fraternitati
1917 1289 2401 1374 committimus,
2462 1301 2545 1355 ut.

397 1375 638 1440 indocti
684 1373 1068 1460 doceantur,
1129 1375 1369 1441 infirmi
1428 1377 1845 1464 ‘persuasione
1908 1378 2325 1464 roborentur,
2383 1401 2531 1466 per-

397 1466 568 1529 uersi
616 1466 1001 1530 auctoritate
1049 1466 1474 1550 corrigantur.

577 1552 770 1618 VIII.
821 1553 1254 1638 Interrogatio
1299 1554 1677 1640 Augustini:
1749 1552 1823 1621 Si
1888 1577 2254 1642 praegnans
2300 1557 2544 1621 mulier

397 1641 630 1707 debeat
675 1641 1041 1729 baptizari}>
1107 1653 1219 1708 aut
1268 1653 1610 1730 postquam
1655 1647 1979 1728 genuerit,
2029 1655 2173 1731 post
2217 1654 2539 1731 quantum

396 1741 650 1818 tempus
705 1733 906 1818 possit
952 1731 1289 1797 ecclesiam
1350 1731 1641 1798 intrare?
1705 1742 1817 1796 aut
1878 1735 2103 1818 etiam,
2174 1755 2257 1799 ne
2321 1743 2541 1799 morte

395 1831 937 1908 praeoccupetur,
987 1819 1158 1907 quod
1202 1823 1533 1906 genuerit,
1596 1830 1741 1908 post
1788 1833 1944 1908 quot
1990 1823 2127 1888 dies
2172 1821 2294 1888 hoc
2338 1823 2544 1888 liceat

397 1911 561 1972 sacri
591 1909 998 1996 baptismatis
1029 1919 1437 1976 sacramenta
1466 1911 1853 1997 percipere?
1894 1921 2005 1976 aut
2035 1921 2183 1998 post
2218 1921 2535 1999 quantum

395 2000 704 2084 temporis
760 1998 909 2064 huic
953 2000 1054 2063 uir
1101 2021 1252 2064 suus
1307 2001 1511 2086 possit
1556 2001 1625 2064 in
1670 2001 1881 2064 carnis
1929 2001 2333 2087 copulatione
2378 2023 2531 2066 con·

394 2087 629 2174 iungi?
691 2099 828 2175 aut,
889 2089 942 2152 si
987 2097 1317 2153 menstrua
1364 2089 1819 2154 consuetudine
1866 2098 2148 2174 tenetur,
2196 2113 2278 2156 an
2326 2091 2528 2155 eccle·

398 2179 560 2243 siam
605 2180 846 2244 intrare
894 2177 953 2245 ei
996 2178 1190 2242 liceat
1229 2187 1340 2243 aut
1374 2201 1597 2244 sacrae
1627 2181 2091 2245 communionis
2124 2194 2540 2245 sacramenta

397 2268 783 2353 percipere?
865 2275 976 2332 aut
1022 2268 1123 2331 uir
1185 2290 1338 2332 suae
1384 2270 1643 2354 coniugi
1702 2271 2087 2355 permixtus,
2153 2272 2529 2356 priusquam

396 2357 645 2421 lauetur
689 2378 890 2442 aqua,
963 2356 1015 2419 si
1063 2356 1397 2423 ecclesiam
1442 2360 1646 2444 possit
1690 2356 1982 2423 intrare?
2052 2358 2157 2422 uel
2203 2360 2396 2423 etiam
2443 2358 2530 2423 ad

397 2447 773 2532 mysterium
828 2446 1290 2510 communionis
1349 2468 1573 2511 sacrae
1630 2446 1937 2512 accedere
1956 2446 1990 2510 Ῥ
2068 2444 2251 2525 Quae
2307 2449 2538 2513 omnia

395 2533 538 2597 rudi
583 2532 946 2619 Anglorum
993 2536 1172 2619 genti
1217 2545 1474 2622 oportet
1520 2534 1745 2600 haberi
1789 2544 2140 2622 comperta.

572 2621 922 2710 Respondit
954 2620 1346 2709 Gregorius:
1396 2622 1542 2689 Hoc
1588 2648 1717 2689 non
1758 2625 2018 2711 ambigo
2050 2625 2530 2691 fraternitatem

395 2720 572 2777 tuam
617 2736 760 2778 esse
805 2713 1181 2801 requisitam
1200 2761 1217 2793 ‚
1277 2714 1381 2778 cui
1444 2715 1575 2778 iam
1621 2724 1687 2779 et
1736 2734 2117 2801 responsum
2169 2712 2534 2779 reddidisse

395 2822 500 2865 me
548 2802 842 2866 arbitror.
923 2799 1052 2867 Sed
1098 2802 1241 2886 hoc,
1292 2801 1466 2889 quod
1510 2805 1651 2889 ipse
1680 2800 1897 2868 dicere
1946 2812 2012 2868 et
2056 2804 2297 2869 sentire
2341 2812 2527 2891 potu-

395 2891 520 2972 isti,
571 2888 780 2973 cred0,
831 2892 982 2977 quia
1027 2914 1174 2955 mea
1203 2890 1379 2977 apud
1410 2901 1475 2957 te
1506 2893 1785 2957 uolueris
1815 2892 2231 2979 responsione
2261 2890 2525 2958 firmari.

395 2976 630 3043 Mulier
678 2982 918 3045 etenim
965 3002 1330 3065 praegnans
1378 3003 1491 3045 cur
1536 3004 1664 3046 non
1711 2980 1947 3047 debeat
1992 2982 2329 3068 baptizari,
2380 3004 2532 3047 cum

394 3089 520 3131 non
567 3070 652 3133 sit
697 3080 845 3133 ante
892 3070 1351 3156 omnipotentis
1400 3068 1504 3135 dei
1550 3070 1765 3135 oculos
1814 3072 2002 3157 culpa
2048 3072 2263 3158 aliqua
2308 3070 2525 3135 fecun-

394 3156 558 3223 ditas
592 3157 849 3223 carnis?
895 3157 1070 3223 Nam
1104 3180 1250 3222 cum
1289 3160 1482 3244 primi
1524 3168 1825 3245 parentes
1866 3161 2066 3225 nostri
2111 3162 2177 3224 in
2223 3159 2531 3247 paradiso

393 3246 843 3333 deliquissent,
891 3248 1449 3331 inmortalitatem,
1500 3270 1695 3335 quam
1742 3258 2151 3336 acceperant,
2199 3258 2376 3313 recto
2424 3247 2531 3313 dei

391 3336 626 3401 iudicio
673 3335 1106 3424 perdiderunt.
1185 3335 1355 3415 Quia
1400 3340 1620 3424 itaque
1666 3335 1871 3402 isdem
1918 3340 2325 3423 omnipotens
2368 3336 2534 3403 deus

393 3424 744 3491 humanum
803 3448 1006 3512 genus
1061 3449 1178 3513 pro
1227 3427 1417 3514 culpa
1464 3448 1580 3491 sua
1624 3425 1911 3492 funditus
1959 3429 2370 3512 exstinguere
2416 3451 2525 3491 no-

391 3514 540 3595 luit,
614 3525 679 3580 et
724 3515 1250 3581 inmortalitatem
1299 3516 1539 3582 homini
1586 3538 1702 3603 pro
1748 3526 2013 3603 peccato
2064 3538 2176 3580 suo
2224 3516 2529 3597 abstulit3

394 3613 456 3668 et
517 3616 733 3669 tamen
797 3628 914 3691 pro
968 3606 1370 3690 benignitate
1434 3627 1586 3670 suae
1650 3607 1907 3693 pietatis
1954 3604 2419 3671 fecunditatem
2466 3607 2528 3669 ei

394 3692 628 3757 sobolis
674 3696 1048 3758 reseruauit.
1127 3692 1311 3772 Quod
1345 3717 1504 3780 ergo
1550 3704 1821 3759 naturae
1862 3696 2180 3759 humanae
2213 3716 2293 3759 ex
2326 3694 2525 3757 omni-

392 3781 670 3868 potentis
704 3780 808 3847 dei
839 3782 1004 3847 dono
1039 3792 1367 3847 seruatum
1398 3793 1513 3866 est,
1564 3805 1689 3870 qua
1733 3786 1979 3849 ratione
2019 3784 2257 3870 poterit
2287 3805 2327 3846 a
2358 3784 2528 3847 sacri

393 3872 796 3957 baptismatis
843 3874 1052 3955 gratia
1100 3871 1489 3959 prohibere?
1545 3871 1621 3936 In
1669 3874 1777 3937 illo
1810 3875 2049 3960 quippe
2078 3873 2407 3957 mysteriO,
2458 3873 2528 3935 in
