2723 4326
168 181 303 235 IIII.
343 181 570 236 20—22.
2183 187 2308 251 201

268 355 543 425 Munera
586 358 759 423 laeta
804 360 980 445 capis
1027 358 1274 423 festiuis
1321 358 1572 444 fulgida
1616 360 1839 443 medie,

360 446 534 511 Ecce
578 449 755 512 uenit
800 470 1092 534 sponsus,
1139 470 1412 512 munera
1455 449 1627 513 laeta
1674 452 1868 536 capis.

266 535 351 602 Et
394 558 565 601 noua
609 534 936 601 dulcisono
983 536 1330 601 modularis
1379 540 1665 602 carmina
1707 540 1971 625 plectr0‚

362 623 618 712 Sponsa
662 625 902 711 hymno
951 626 1202 691 exultas
1251 634 1315 689 et
1358 648 1528 691 noua
1575 626 1920 692 dulcisono.

269 711 497 781 Nullus
543 716 626 781 ab
672 714 1004 779 altithroni
1052 717 1358 780 comitatu
1407 725 1710 799 segregat
1756 718 1926 802 agni,

361 802 574 882 Quam
619 803 858 869 affectu
904 804 1138 870 tulerat
1181 805 1393 868 nullus
1439 806 1522 869 ab
1569 804 1914 871 altithroni.

1104 1108 1184 1171 21
1238 1103 1397 1193 [19].

250 1280 333 1339 vt
371 1281 728 1337 Theodorus
768 1279 1093 1351 episcopus
1133 1282 1307 1337 inter
1343 1281 1710 1349 Ecgfridum
1748 1283 1812 1338 ct
1848 1283 2246 1341 Aedilredum

891 1384 1073 1439 reges
1109 1384 1321 1440 pacem
1358 1370 1612 1427 fecerit.

359 1533 549 1598 Anno
609 1534 795 1617 regni
858 1532 1154 1618 Ecgfridi
1210 1555 1411 1618 nono,
1479 1543 1770 1599 conserto
1829 1536 2017 1619 gravi
2071 1535 2321 1621 proelio

184 1622 356 1687 inter
385 1624 597 1709 ipsum
630 1631 695 1686 et
718 1620 1141 1687 Aedilredum
1161 1644 1390 1709 regem
1411 1622 1805 1688 Merciorum
1837 1626 2019 1688 iuxta
2049 1624 2318 1688 fluuium

182 1710 491 1795 Treanta‚
541 1713 787 1777 occisus
820 1720 919 1775 est
948 1709 1236 1776 Aelfuini
1266 1711 1469 1776 frater
1499 1714 1673 1797 regis
1703 1711 2019 1797 Ecgfridi,
2068 1714 2322 1795 iuuenis

181 1801 441 1865 circiter
487 1798 555 1863 X
601 1810 665 1864 et
710 1798 885 1864 VIII
930 1821 1273 1883 annorum,
1328 1802 1586 1887 utrique
1631 1802 2003 1887 prouinciae
2047 1801 2319 1866 multum

181 1890 498 1955 amabilis.
590 1886 767 1953 Nam
813 1897 881 1955 et
924 1910 1209 1954 sororem
1256 1892 1410 1974 eius,
1488 1911 1612 1954 uae
1643 1888 1978 1954 dicebatur
2004 1887 2320 1976 osthryd,

181 2001 301 2043 rcx
346 1976 652 2044 Aedilrcd
717 1977 998 2043 habebat
1058 1999 1341 2043 uxorem.
1506 2000 1742 2065 umque
1802 1981 2104 2045 materies
2170 1979 2322 2044 belli

183 2069 451 2132 acrioris
512 2076 575 2132 et
639 2068 1013 2132 inimicitiae
1077 2068 1388 2152 longioris
1447 2069 1615 2132 inter
1675 2090 1864 2152 reges
1925 2069 2321 2155 populosque

182 2157 432 2222 feroces
478 2154 806 2222 uideretur
852 2166 1096 2240 exorta,
1134 2156 1512 2223 Theodorus
1547 2155 1664 2223 deo
1713 2156 1982 2222 dilectus
2029 2158 2320 2242 antistes,

184 2245 403 2311 diuino
467 2245 726 2311 functus
798 2247 1035 2310 auxilio
1054 2297 1073 2331 ,
1145 2245 1478 2311 salutifera
1545 2249 1947 2312 exortatione
2019 2256 2320 2333 coeptum

182 2338 351 2401 tanti
416 2336 687 2423 periculi
754 2333 1039 2400 funditus
1108 2336 1435 2420 extinguit
1514 2334 1919 2402 incendium:
1998 2333 2158 2401 adeo
2225 2345 2318 2419 ut,

180 2426 430 2512 pacatis
462 2425 842 2490 alterutrum
872 2423 1135 2508 regibus
1158 2447 1234 2489 ac
1257 2425 1530 2512 populis,
1555 2425 1790 2489 nullius
1813 2427 2024 2490 anima
2047 2424 2323 2490 hominis

183 2536 303 2601 pro
348 2512 690 2578 interfecto
735 2515 912 2598 regis
958 2514 1193 2596 fratrc,
1253 2511 1365 2578 sed
1411 2513 1632 2578 debita
1677 2513 2073 2580 solummodo
2119 2514 2324 2578 multa

182 2604 498 2690 pecuniae
554 2603 697 2687 regi
750 2603 942 2667 ultori
1003 2602 1281 2667 daretur.
1378 2599 1531 2667 Cuis
1589 2603 1850 2669 foedera
1893 2605 2072 2691 pacis
2120 2603 2321 2668 multo

184 2690 419 2757 exinde
496 2702 789 2778 tempore
867 2692 1037 2756 inter
1120 2690 1379 2756 eosdem
1446 2713 1634 2776 reges
1705 2714 2054 2779 eorumque
2117 2714 2325 2778 regna

180 2781 517 2847 durarunt.

1108 3050 1191 3112 22
1244 3045 1401 3134 [20].

182 3225 263 3283 Vt
298 3224 554 3282 uincula
587 3223 904 3280 cuiusdam
930 3222 1193 3292 captiui,
1234 3237 1371 3279 cum
1394 3235 1511 3292 pro
1539 3237 1610 3279 eo
1636 3221 1862 3278 missac
1888 3222 2322 3292 cantarentur,

1053 3311 1261 3368 soluta
1298 3311 1452 3367 slnt.

364 3473 445 3539 In
490 3473 783 3562 praefato
830 3483 1048 3540 autem
1092 3474 1357 3561 proelio,
1408 3495 1533 3560 quo
1580 3474 1830 3538 occisus
1864 3481 1964 3539 est
1992 3495 2112 3537 rex
2142 3472 2319 3539 Aclf-

184 3565 319 3630 uini
338 3614 357 3648 ,
438 3562 857 3629 memorabile
925 3561 1229 3650 quiddam
1288 3562 1533 3627 factum
1597 3585 1738 3628 esse
1803 3570 2078 3646 constat,
2152 3564 2324 3650 quod

183 3674 593 3740 nequaquam
626 3652 876 3717 silentio
907 3652 1451 3740 praetereundum
1481 3651 1778 3735 arbitror,
1827 3650 1942 3716 scd
1972 3651 2322 3717 multorum

184 3743 399 3827 saluti,
449 3743 505 3806 si
534 3741 870 3824 referatur,
920 3742 1056 3806 fore
1087 3739 1462 3828 proficuum.
1559 3738 1827 3806 Occisus
1875 3749 1973 3804 est
2017 3739 2109 3805 ibi
2156 3742 2322 3807 inter

183 3834 343 3920 alios
410 3831 491 3897 de
548 3831 775 3896 militia
835 3832 971 3896 eius
1027 3831 1275 3896 iuuenis
1330 3830 1643 3895 uocabulo
1701 3827 1937 3915 Imma,
2008 3831 2118 3917 qui
2175 3855 2319 3896 cum
