2723 4326
156 182 220 234 V.
262 186 485 242 10-11,
2157 189 2286 252 243

160 370 348 427 nocte
395 383 589 449 supra
648 362 858 427 locum
908 361 1200 447 fulgebat
1246 362 1444 448 illum,
1505 363 1893 449 ubicumque
1940 386 2017 428 ea
2061 386 2286 451 perue-

154 452 326 516 nisse
373 452 798 535 contingeret,
848 461 911 515 et
955 452 1075 515 hoc
1122 452 1317 516 etiam
1365 453 1636 538 paganis
1654 500 1673 533 ,
1722 454 1832 538 qui
1877 474 1984 517 eos
2031 452 2285 519 occide-

157 551 323 623 rant,
372 541 789 605 intuentibuS.
882 538 1017 606 Sed
1063 551 1128 605 et
1164 562 1327 605 unus
1360 564 1442 604 ex
1475 542 1566 605 eis
1598 542 1663 604 in
1695 542 1942 606 uisione
1972 552 2288 607 nocturna

155 630 457 717 apparuit
503 629 758 695 cuidam
804 629 885 693 (16
932 630 1119 694 sociis
1165 630 1331 713 suis,
1392 632 1495 694 cui
1539 651 1772 695 nomen
1819 641 1958 695 erat
2005 630 2282 715 Tilmon,

154 721 293 782 uiro
338 718 570 783 illustri
616 729 681 783 et
727 719 810 783 ad
858 719 1181 784 saeculum
1227 740 1481 805 quoque
1525 719 1754 803 nobili,
1803 719 1914 805 qui
1961 717 2039 783 de
2083 720 2286 785 milite

156 807 364 871 factus
408 806 623 872 fuerat
667 807 1053 891 monachus3
1116 807 1432 891 indicans,
1491 806 1660 894 quod
1726 832 1800 873 60
1845 809 1970 873 loci
2017 832 2287 896 corpora

159 916 378 961 eorum
423 908 641 983 posset
687 898 997 981 inuenire,
1046 896 1157 961 ubi
1200 898 1410 961 lucem
1459 895 1536 961 (16
1569 898 1747 962 caelo
1777 900 1969 963 terris
2001 896 2286 964 radiasse

158 986 574 1072 conspiceret.
672 983 860 1063 Quod
907 988 999 1050 ita
1045 986 1433 1072 completum
1480 996 1596 1053 est.
1689 986 1966 1051 quenta
2010 1010 2287 1073 namque

159 1096 377 1139 eorum
426 1097 695 1161 corpora
738 1077 919 1139 iuxta
965 1076 1267 1140 honorem
1312 1077 1705 1160 martyribus
1752 1076 2142 1162 condignum
2187 1099 2284 1141 re-

160 1162 418 1228 condita
464 1174 628 1249 sunt,
679 1174 743 1229 et
788 1164 924 1230 dies
971 1166 1282 1250 passionis
1330 1167 1438 1237 uel
1469 1164 1854 1230 inuentionis
1888 1188 2109 1230 eorum
2144 1187 2288 1230 con—

160 1274 323 1337 grua
366 1252 490 1317 illis
537 1254 603 1316 in
647 1254 802 1317 locis
848 1256 1263 1319 ueneratione
1310 1252 1692 1319 celebratur.
1784 1252 2086 1340 Denique
2153 1257 2289 1339 glo-

157 1342 545 1407 riosissimus
609 1340 739 1406 dux
802 1342 1201 1407 Francorum
1236 1342 1472 1429 Pippin
1485 1394 1504 1426 ,
1570 1343 1682 1408 ubi
1734 1342 1895 1407 haec
1955 1346 2289 1431 comperit,

158 1432 337 1494 misit
383 1441 448 1495 et
492 1429 771 1496 adducta
816 1430 898 1496 ad
931 1454 1001 1496 se
1034 1454 1256 1496 eorum
1289 1454 1561 1519 corpora
1593 1430 1878 1496 condidit
1913 1454 2059 1497 cum
2074 1433 2292 1497 multa

160 1520 369 1603 gloria
413 1523 480 1585 in
512 1520 782 1585 ecclesia
812 1518 1115 1586 Coloniae
1148 1522 1426 1585 ciuitatis
1459 1523 1640 1586 iuxta
1668 1520 1983 1586 Rhenum.
2055 1521 2293 1587 Fertur

162 1617 415 1691 autem,
481 1611 633 1694 quia
690 1612 757 1673 in
788 1610 948 1691 loce,
997 1609 1064 1673 in
1111 1632 1236 1695 quo
1285 1612 1480 1674 occisi
1527 1619 1707 1693 sunt,
1756 1609 1898 1674 fons
1947 1610 2288 1695 ebullierit,

164 1696 657 1850 quisindeodem
702 1698 841 1763 loco
888 1720 1091 1784 usque
1150 1696 1338 1763 hodie
1405 1701 1664 1785 copiosa
1708 1697 1934 1763 fluenti
1981 1702 2077 1763 sui
2126 1698 2294 1763 dona

162 1808 277 1872 pro
307 1808 394 1849 un
442 1798 526 1854 at.

1181 2019 1284 2083 11.

164 2174 244 2230 Vt
280 2174 413 2230 uiri
451 2176 841 2232 uenerabiles
880 2175 1215 2233 Suidberct
1251 2176 1318 2231 in
1356 2176 1701 2244 Brittania,
1741 2176 2037 2232 Vilbronl
2075 2179 2299 2233 Romae

632 2265 761 2320 siut
798 2266 865 2320 in
901 2266 1178 2321 Fresiam
1216 2265 1496 2321 ordInati
1534 2265 1836 2335 episcopi·

348 2409 582 2474 Primis
628 2432 781 2474 sane
828 2411 1225 2497 temporibus
1271 2408 1586 2474 aduentus
1634 2431 1855 2474 eorum
1887 2411 1951 2473 in
1983 2408 2297 2495 Fresiam,

168 2521 324 2564 mox
350 2509 423 2564 ut
448 2501 761 2584 comperit
784 2497 1091 2564 Vilbrord
1140 2497 1358 2562 datam
1404 2497 1527 2564 sibi
1553 2521 1592 2564 a
1621 2501 1912 2587 principe
1967 2499 2296 2564 licentiam

168 2589 411 2653 ibidem
474 2587 927 2674 praedicandi,
998 2587 1382 2653 accelerauit
1451 2589 1680 2652 uenire.
1735 2588 2036 2666 Romam,
2121 2587 2297 2651 euius

169 2676 302 2743 sedi
377 2677 767 2762 apostolicae
829 2687 983 2741 tune
1048 2675 1316 2762 Sergius
1378 2698 1550 2764 papa
1623 2685 1959 2764 praeerat,
2019 2683 2091 2740 ut
2157 2697 2300 2739 cum

170 2769 305 2831 eius
372 2767 630 2832 licentia
689 2775 754 2830 et
817 2766 1263 2831 benedictione
1324 2765 1756 2831 desideratum
1815 2765 2299 2850 euangelizandi

168 2856 472 2940 gentibus
521 2877 679 2942 opus
724 2857 949 2939 iniret3
996 2856 1183 2919 simul
1230 2864 1297 2919 et
1339 2855 1641 2942 reliquias
1688 2856 2025 2919 beatorum
2048 2864 2301 2940 aposto—

168 2943 378 3008 lorum
422 2965 500 3008 ac
545 2956 903 3029 martyrum
952 2941 1193 3008 Christi
1244 2942 1326 3008 ab
1389 2966 1462 3008 eo
1533 2967 1600 3009 se
1661 2965 1922 3031 sperans
1978 2945 2292 3030 accipere,

168 3044 240 3096 ut
284 3035 440 3099 dum
486 3034 553 3096 in
598 3043 813 3117 gente,
862 3034 965 3098 cui
1010 3031 1436 3120 praedicaret,
1488 3032 1824 3098 destructis
1869 3033 2054 3097 idolis
2101 3031 2300 3096 eccle-

173 3123 298 3186 sias
346 3124 742 3204 institueret,
813 3120 1085 3186 haberet
1129 3124 1196 3186 in
1242 3131 1502 3208 promtu
1547 3121 1850 3206 reliquias
1913 3129 2302 3204 sanctorum,

173 3233 332 3296 quas
379 3211 471 3275 ibi
514 3208 983 3294 introduceret3
1033 3213 1392 3297 quibusque
1438 3208 1678 3274 ibidem
1726 3207 2048 3296 depositis,
2083 3229 2301 3272 conse-

176 3310 445 3384 quenter
490 3301 557 3363 in
604 3322 826 3364 eorum
872 3299 1201 3381 honorem,
1250 3321 1521 3386 quorum
1569 3308 1782 3362 essent
1827 3298 2000 3381 illae,
2051 3296 2305 3380 singula

175 3411 470 3475 quaeque
512 3389 655 3453 loca
703 3388 1047 3453 dedicaret.
1143 3385 1274 3454 Sed
1308 3397 1375 3452 et
1406 3387 1533 3453 alia
1570 3387 1893 3473 perplura,
1943 3407 2106 3473 quae
2135 3387 2304 3450 tanti

176 3479 387 3564 operis
432 3479 763 3562 negotium
813 3477 1182 3563 quaerebat,
1230 3477 1336 3541 uel
1383 3477 1471 3540 ibi
1518 3475 1763 3541 discere
1808 3477 1914 3540 uel
1957 3472 2103 3538 inde
2134 3475 2301 3539 acci-

173 3589 329 3653 pere
377 3567 697 3652 cupiebat.
792 3566 872 3630 In
919 3567 1151 3653 quibus
1197 3566 1493 3630 omnibus
1541 3587 1688 3629 cum
1733 3566 1830 3632 sui
1875 3566 2012 3628 uoti
2045 3585 2304 3650 compos

178 3666 352 3721 esset
396 3657 682 3737 effectus,
730 3655 814 3720 ad
860 3653 1364 3743 praedicandum
1411 3653 1618 3718 rediit.

356 3743 499 3823 Quo
545 3755 839 3830 tempore
885 3745 1139 3827 fratres,
1190 3745 1300 3828 qui
1347 3754 1531 3807 erant
1574 3745 1642 3806 in
1687 3742 1916 3806 Fresia
1960 3742 2143 3805 uerbi
2185 3742 2301 3804 mi-

177 3835 440 3898 nisterio
489 3835 868 3920 mancipati,
919 3835 1255 3917 elegerunt
1300 3854 1384 3896 ex
1427 3853 1542 3896 suo
1588 3853 1852 3896 numero
1896 3833 2108 3894 uirum
2167 3851 2304 3893 mo-
