2723 4326
202 254 326 306 1111.
369 255 452 310 18.
599 304 609 314 ,
2206 259 2333 323 195
2408 219 2413 222 ’

200 431 480 496 uoluisse
527 454 604 496 ac
648 431 973 496 licentiam
1023 430 1274 496 dedisse
1318 441 1608 516 nouerat,
1659 455 1785 518 quo
1832 434 2221 499 concedente
2268 445 2334 501 et

201 521 672 606 possessionem
700 531 916 585 terrae
962 521 1276 605 largiente
1306 523 1516 608 ipsum
1560 525 2019 587 monasterium
2068 524 2333 593 fecerat.

378 608 654 695 Accepit
701 619 767 675 et
810 610 1176 696 praefatum
1208 609 1563 675 Iohannem
1608 611 1912 676 abbatem
1943 611 2333 678 Brittaniam

200 697 710 784 perducendum3
761 709 1075 785 quatenus
1106 701 1175 764 in
1206 701 1593 764 monasterio
1627 722 1740 765 suo
1772 723 2031 766 cursum
2061 700 2335 768 canendi

199 808 502 870 annuum,
550 789 713 852 sicut
759 787 842 852 ad
885 798 1180 853 sanctum
1209 789 1474 854 Petrum
1504 789 1751 854 Romae
1796 790 2134 876 agebatur,
2182 791 2329 856 edo-

199 887 405 942 ceret:
474 879 736 964 egitque
799 876 970 942 abba
1030 876 1376 962 Iohannes,
1443 887 1515 942 ut
1581 880 1926 944 iussionem
1994 889 2333 966 acceperat

196 962 541 1053 pontificia,
575 976 641 1031 et
671 964 960 1031 ordinem
990 965 1293 1031 uidelicet
1321 969 1645 1052 ritumque
1671 967 1941 1034 canendi
1970 990 2047 1034 ac
2076 968 2334 1053 legendi

198 1057 352 1119 uiua
395 1076 556 1119 uoce
600 1055 876 1142 praefati
921 1057 1295 1120 monasterii
1340 1065 1635 1121 cantores
1681 1057 2036 1140 edocendo,
2107 1067 2172 1122 et
2233 1081 2330 1142 ea,

200 1165 364 1230 quae
410 1145 608 1208 totius
653 1146 804 1208 anni
842 1144 1116 1209 circulus
1145 1146 1214 1214 in
1245 1145 1679 1210 celebratione
1725 1146 1972 1211 dierum
2019 1147 2333 1212 festorum

197 1232 535 1319 poscebat,
586 1234 781 1297 etiam
827 1233 1061 1299 litteris
1109 1232 1500 1300 mandando:
1550 1256 1716 1320 quae
1762 1234 2069 1301 hactenus
2115 1238 2180 1300 in
2230 1259 2332 1300 eo-

199 1320 343 1386 dem
390 1324 780 1387 monasterio
828 1332 1085 1387 seruata
1123 1332 1187 1387 et
1217 1345 1258 1388 a
1303 1323 1521 1387 multis
1567 1326 1697 1388 iam
1744 1335 1890 1389 sunt
1936 1327 2332 1410 circumqua-

198 1433 325 1497 que
369 1412 810 1498 transscripta.
872 1410 1024 1476 Non
1070 1410 1276 1477 solum
1323 1422 1541 1477 autem
1577 1411 1747 1479 idem
1780 1412 2099 1480 Iohannes
2130 1415 2331 1501 ipsius

195 1501 571 1565 monasterii
614 1501 848 1565 fratres
896 1499 1188 1586 docebat,
1235 1522 1461 1566 uerum
1509 1501 1589 1566 de
1635 1503 1927 1568 omnibus
1969 1525 2135 1590 pene
2169 1506 2331 1569 eius·

197 1588 346 1653 dem
389 1591 760 1677 prouinciae
807 1591 1212 1655 monasteriis
1257 1590 1342 1655 ad
1386 1589 1775 1655 audiendum
1821 1614 1986 1668 eum,
2038 1593 2147 1679 qui
2181 1615 2327 1656 can-

195 1677 377 1742 tandi
422 1687 606 1743 erant
650 1679 870 1765 periti,
937 1678 1366 1744 confluebant.
1460 1675 1591 1744 Sed
1638 1688 1703 1744 et
1745 1682 1958 1766 ipsum
2002 1704 2121 1769 per
2167 1681 2329 1767 loca,

195 1767 264 1831 in
309 1767 541 1852 quibus
587 1765 867 1850 doceret,
914 1768 1101 1832 multi
1144 1769 1419 1832 inuitare
1465 1769 1797 1833 curabant.
1936 1768 1939 1771 ’

372 1856 524 1942 Ipse
546 1865 763 1921 autem
808 1866 1077 1944 excepto
1125 1855 1429 1922 cantandi
1472 1857 1579 1921 uel
1622 1856 1881 1941 legendi
1927 1879 2213 1941 munere,
2264 1868 2330 1925 et

194 1942 370 2008 aliud
415 1947 483 2008 in
526 1944 847 2010 mandatis
879 1947 960 2010 ab
993 1947 1342 2032 apostolico
1389 1967 1561 2032 papa
1604 1943 1962 2032 acceperat,
2010 1955 2101 2031 ut,
2152 1949 2331 2012 cuius

197 2043 368 2098 esset
397 2032 547 2097 fidei
576 2033 936 2118 Anglorum
969 2035 1258 2119 ecclesia,
1308 2034 1648 2120 diligenter
1686 2034 2002 2100 edisceret
2029 2036 2329 2101 Romam·

195 2144 319 2210 que
364 2122 617 2187 rediens
661 2124 954 2191 referret.
1015 2123 1189 2190 Nam
1223 2132 1289 2189 et
1335 2122 1652 2211 synodum
1696 2123 1873 2189 beati
1914 2146 2122 2212 papae
2151 2123 2325 2191 Mar-

189 2214 338 2295 tini,
405 2223 663 2277 centum
728 2215 1011 2300 quinque
1073 2216 1520 2302 episcoporum
1582 2235 1894 2278 consensu
1952 2236 2081 2279 non
2125 2214 2327 2280 multo

191 2309 340 2365 ante
385 2300 632 2367 Romae
681 2302 1100 2388 celebratam,
1167 2311 1393 2368 contra
1440 2326 1548 2367 eos
1593 2304 1902 2384 maxime,
1969 2305 2081 2390 qui
2133 2326 2328 2368 unam

189 2392 258 2454 in
288 2389 549 2455 Christo
579 2394 1018 2477 operationem
1052 2401 1118 2456 et
1146 2392 1546 2457 uoluntatem
1583 2391 2062 2479 praedicabant,
2111 2414 2328 2457 secum

190 2480 454 2544 ueniens
522 2478 778 2565 adtulit3
847 2490 1044 2567 atque
1089 2482 1157 2544 in
1201 2480 1495 2568 praefato
1542 2481 2009 2567 religiosissimi
2074 2481 2327 2546 abbatis

189 2566 532 2633 Benedicti
562 2571 948 2634 monasterio
978 2567 1566 2635 transscribendam
1612 2572 2064 2635 commodauit.
2129 2569 2327 2636 Tales

189 2678 468 2743 namque
515 2679 590 2721 eo
635 2668 930 2745 tempore
973 2657 1165 2723 fidem
1211 2657 1963 2746 Constantinopolitanae
2019 2659 2327 2725 ecclesiae

190 2745 466 2811 multum
511 2748 1082 2831 conturbauerunt3
1132 2746 1246 2812 sed
1293 2746 1549 2812 domino
1596 2748 1871 2813 donante
1917 2748 2156 2835 proditi
2196 2752 2328 2814 iam

190 2844 344 2899 tunc
390 2845 457 2900 et
501 2837 658 2900 uicti
704 2846 872 2901 sunt.
965 2836 1156 2901 Vnde
1200 2835 1423 2901 uolens
1468 2835 1732 2921 Agatho
1778 2859 1975 2924 papa,
2049 2840 2215 2903 sicut
2259 2840 2328 2903 in

191 2925 332 2989 aliis
377 2926 746 3011 prouinciis,
793 2926 886 2989 ita
933 2926 1128 2989 etiam
1173 2926 1238 2989 in
1283 2925 1607 2991 Brittania
1653 2928 1859 3013 qualis
1906 2936 2076 2992 esset
2122 2936 2327 2992 status

191 3013 519 3097 ecclesiae,
553 3035 748 3100 quam
777 3013 858 3077 ab
889 3014 1363 3079 haereticorum
1395 3017 1709 3100 contagiis
1741 3026 1974 3098 castus,
2010 3013 2325 3100 ediscere3

189 3099 310 3166 hoc
365 3104 696 3186 negotium
760 3104 1280 3169 reuerentissimo
1349 3104 1574 3169 abbati
1620 3102 1890 3168 Iohanni
1935 3104 2326 3169 Brittaniam

189 3190 511 3255 destinato
557 3192 852 3257 iniunxit.
916 3189 1356 3270 Quamobrem
1402 3192 1671 3258 collecta
1716 3214 1833 3279 pro
1879 3192 2000 3257 hoc
2046 3195 2111 3257 in
2155 3193 2324 3257 Brit·

187 3281 367 3345 tania
415 3278 678 3366 synodo,
726 3302 918 3365 quam
967 3281 1266 3365 diximus,
1315 3284 1581 3347 inuenta
1612 3283 1808 3346 estin
1837 3282 2131 3346 omnibus
2166 3280 2325 3346 fides

187 3368 494 3433 inuiolata
540 3367 884 3436 catholica:
955 3370 1304 3457 datumque
1348 3371 1445 3435 illi
1490 3369 1823 3458 exemplar
1869 3371 2003 3435 eius
2046 3370 2323 3435 Romam

183 3457 655 3544 perferendum.

365 3544 615 3611 Verum
662 3545 768 3611 ille
815 3548 1095 3633 patriam
1139 3556 1503 3632 reuertens,
1557 3569 1686 3612 non
1732 3547 1935 3612 multo
1980 3557 2324 3634 postquam

187 3633 529 3701 Oceanum
581 3638 859 3721 transiit,
927 3646 1223 3723 arreptus
1267 3636 1642 3702 infirmitate
1686 3659 1765 3701 ac
1809 3636 2145 3702 defunctus
2195 3645 2321 3701 est:

188 3746 550 3811 corpusque
582 3726 718 3789 eius
754 3724 838 3790 ab
887 3726 1109 3790 amicis
1154 3735 1419 3812 propter
1464 3748 1754 3791 amorem
1799 3727 2005 3790 sancti
2035 3724 2321 3809 Martini,

188 3816 369 3879 cuius
417 3814 808 3878 monasterio
853 3824 1171 3901 praeerat,
1223 3815 1501 3878 Turonis
1532 3815 1817 3880 delatum
1848 3825 2041 3901 atque
2072 3814 2323 3881 honori-

183 3904 307 3969 fice
365 3902 690 3989 sepultum
743 3910 858 3967 est.
952 3900 1125 3967 Nam
1172 3913 1237 3968 et
1289 3904 1570 3990 benigno
1628 3906 1937 3971 ecclesiae
1990 3905 2159 3969 illius
2213 3904 2323 3968 ho·
