2723 4326
405 217 533 282 134
1863 276 1872 285 ‚
2323 212 2413 264 111.
2456 213 2537 267 19.

400 394 602 459 uerba
648 390 971 479 superflua
1018 401 1081 456 et
1129 393 1301 478 ipsas
1344 393 1542 457 etiam
1590 394 2014 476 cogitationes
2063 392 2249 477 quasi
2279 390 2345 453 in
2376 390 2541 455 libro

403 482 757 569 descriptas
826 480 1330 568 replicauerunt3
1397 503 1561 567 quae
1605 482 1688 546 ab
1734 481 1982 566 angelis
2031 480 2295 563 sanctis,
2379 501 2542 565 quae

400 596 438 637 a
484 573 640 637 uiris
700 572 885 636 iustis
945 570 1067 635 sibi
1127 572 1294 635 inter
1351 570 1620 654 angelos
1680 568 2144 657 apparentibus
2207 568 2382 633 laeta
2435 569 2542 634 uel

400 662 611 726 tristia
643 658 1070 745 cognouerit.)
1110 660 1289 745 legat
1319 661 1549 747 ipsum,
1585 659 1665 725 de
1699 680 1823 745 quo
1857 658 2011 742 dixi,
2046 657 2334 723 libellum
2365 659 2540 722 uitae

402 753 561 832 eiUS,
597 758 663 815 et
684 750 957 813 multum
984 772 1066 813 ex
1089 749 1217 833 illo,
1254 759 1325 813 ut
1349 770 1515 832 reor,
1550 748 1876 834 profectus
1908 747 2213 833 spiritalis
2245 748 2536 834 accipiet.

579 837 656 903 In
703 838 933 924 quibus
981 846 1199 901 tamen
1244 860 1442 902 unum
1491 848 1617 916 est,
1675 834 1848 924 quod
1895 846 1960 901 et
2003 858 2120 900 nos
2166 837 2233 900 in
2279 835 2404 900 hac
2448 836 2542 899 hi-

400 930 600 993 storia
647 949 885 1014 ponere
932 927 1152 992 multis
1198 925 1608 991 commodum
1653 924 1968 991 duximus.
2051 924 2215 991 Cum
2265 946 2422 1009 ergo
2471 926 2540 989 in

398 1017 600 1082 altum
648 1026 815 1082 esset
863 1017 1094 1099 elatus,
1144 1017 1352 1080 iussus
1400 1025 1496 1080 est
1540 1016 1624 1080 ab
1670 1016 1946 1100 angelis,
1997 1015 2108 1101 qui
2154 1034 2304 1078 eum
2350 1011 2540 1079 duce-

402 1106 587 1191 bant,
647 1107 972 1193 respicere
1018 1108 1084 1169 in
1129 1103 1460 1172 mundum.
1553 1105 1645 1171 At
1689 1104 1797 1169 ille
1858 1103 2074 1168 oculos
2119 1105 2184 1167 in
2229 1103 2544 1167 inferiora

404 1194 751 1261 deflectens
820 1195 984 1259 uidit
1044 1194 1226 1279 quasi
1286 1194 1520 1259 uallem
1580 1193 1991 1259 tenebrosam
2053 1193 2276 1257 subtus
2339 1215 2409 1256 se
2477 1194 2543 1256 in

400 1286 531 1350 imo
578 1287 871 1371 positam.
937 1282 1121 1348 Vidit
1168 1292 1234 1348 et
1280 1292 1582 1369 quattuor
1627 1285 1810 1367 ignes
1856 1284 1926 1347 in
1969 1304 2120 1347 aere
2164 1302 2293 1345 non
2337 1280 2542 1345 multo

402 1374 484 1439 ab
532 1374 811 1437 inuicem
857 1374 1065 1459 spatio
1113 1369 1443 1437 distantes.
1506 1372 1596 1437 Et
1641 1374 2049 1457 interrogans
2096 1370 2380 1455 angelos,
2429 1371 2544 1455 qui

406 1471 619 1527 essent
646 1461 716 1525 hi
747 1464 951 1546 ignes,
1001 1458 1247 1526 audiuit
1289 1462 1407 1525 hos
1454 1484 1596 1527 esse
1640 1461 1845 1545 ignes,
1896 1460 2005 1546 qui
2053 1458 2362 1523 mundum
2403 1480 2543 1523 suc-

406 1548 749 1616 cendentes
834 1560 1048 1616 essent
1128 1552 1540 1615 consumturi.
1654 1549 1870 1613 Vnum
1955 1548 2302 1632 mendacii,
2393 1571 2544 1612 cum

404 1640 553 1725 hoc,
604 1639 775 1726 quod
821 1640 887 1704 in
930 1641 1251 1726 baptismo
1298 1640 1756 1724 abrenuntiare
1800 1660 1917 1703 nos
1961 1647 2222 1702 satanae
2248 1645 2313 1702 et
2337 1640 2518 1701 omni

402 1730 521 1795 bus
591 1729 894 1817 operibus
946 1730 1081 1793 eius
1128 1730 1568 1815 promisimus,
1634 1729 1898 1792 minime
1946 1728 2342 1813 implemus:
2380 1727 2539 1790 alte-

404 1842 547 1883 rum
609 1818 1003 1905 cupiditatis,
1073 1840 1219 1882 cum
1284 1816 1509 1882 mundi
1571 1815 1827 1882 diuitias
1895 1817 2105 1881 amori
2163 1814 2544 1881 caelestium

406 1910 885 1996 praeponimus:
941 1907 1205 1971 tertium
1251 1906 1684 1992 dissensionis,
1735 1928 1879 1970 cum
1923 1906 2172 1970 animos
2218 1906 2545 1990 proximo-

405 2019 551 2061 rum
618 1999 812 2063 etiam
857 1997 921 2060 in
972 1998 1386 2083 superuacuis
1431 1995 1624 2060 rebus
1693 1993 2018 2059 offendere
2063 2016 2192 2057 non
2238 1991 2545 2057 formida·

408 2109 577 2151 mus:
629 2095 929 2172 quartum
976 2086 1346 2172 impietatis,
1398 2107 1543 2148 cum
1588 2083 1974 2151 infirmiores
2021 2084 2297 2170 spoliare
2346 2092 2411 2147 et
2447 2084 2544 2147 eis

406 2174 700 2242 fraudem
748 2177 961 2240 facere
1005 2198 1123 2262 pro
1168 2173 1366 2240 nihilo
1414 2173 1724 2238 ducimus.
1789 2173 2168 2239 Crescentes
2200 2195 2353 2236 uero
2385 2194 2546 2259 pau-

406 2267 590 2330 latim
635 2268 821 2352 ignes
866 2286 1069 2350 usque
1114 2263 1196 2329 ad
1243 2265 1517 2328 inuicem
1565 2285 1703 2328 sese
1761 2261 2189 2329 extenderunt
2231 2270 2428 2347 atque
2476 2263 2544 2326 in

409 2357 769 2420 inmensam
825 2353 1089 2418 adunati
1172 2363 1317 2418 sunt
1400 2351 1745 2420 flammam.
1841 2349 2134 2437 Cumque
2203 2351 2548 2438 adpropin-

408 2453 739 2530 quassent,
800 2445 1261 2530 pertimescens
1307 2441 1414 2506 ille
1461 2440 1617 2506 dicit
1679 2439 1940 2525 angelo:
2005 2439 2331 2523 ‘Domine,
2395 2462 2549 2504 ecce

406 2534 575 2617 ignis
623 2533 779 2597 mihi
825 2529 1336 2618 adpropinquat.²
1404 2529 1495 2594 At
1542 2530 1674 2595 ille:
1727 2528 1936 2608 ‘Quod
1981 2552 2112 2594 non
2158 2527 2546 2612 incendisti,'

407 2624 616 2708 inquit
664 2622 811 2686 ‘non
858 2619 1113 2686 ardebit
1143 2621 1208 2685 in
1242 2630 1332 2705 te;
1380 2641 1532 2684 nam
1566 2621 1689 2684 etsi
1733 2618 2038 2684 terribilis
2069 2621 2192 2683 iste
2229 2641 2307 2683 ac
2353 2639 2549 2702 gran·

409 2712 505 2777 dis
554 2733 695 2776 esse
740 2733 939 2794 rogus
996 2707 1275 2793 uidetur,
1333 2718 1553 2773 tamen
1596 2710 1780 2773 iuxta
1825 2711 2056 2773 merita
2102 2730 2369 2792 operum
2417 2707 2547 2771 sin-

411 2799 595 2883 gulos
642 2801 997 2882 examinat3
1046 2800 1197 2884 quia
1242 2799 1742 2884 uniuscuiusque
1789 2795 2105 2883 cupiditas
2137 2799 2200 2860 in
2236 2795 2362 2860 hoc
2407 2797 2549 2882 igni

411 2886 681 2953 ardebit.
777 2885 961 2953 Sicut
1006 2888 1177 2952 enim
1224 2889 1367 2972 quis
1421 2885 1604 2952 ardet
1647 2890 1713 2951 in
1759 2909 2029 2974 corpore
2072 2908 2190 2972 per
2233 2885 2549 2950 inlicitam

410 2978 831 3064 uoluptatem,
879 2979 972 3042 ita
1018 2977 1262 3041 solutus
1311 2998 1580 3062 corpore
1625 2973 1876 3040 ardebit
1919 2998 2036 3063 per
2081 2973 2365 3040 debitam
2397 2997 2550 3061 poe-

408 3068 602 3132 nam’.
698 3066 883 3131 Tunc
942 3064 1106 3131 uidit
1164 3087 1361 3130 unum
1410 3065 1489 3130 de
1535 3065 1744 3130 tribus
1801 3065 2079 3150 angelis,
2141 3065 2252 3149 qui
2312 3065 2436 3129 sibi
2483 3067 2550 3129 in

408 3166 546 3222 tota
606 3166 877 3242 utraque
936 3157 1187 3220 uisione
1251 3154 1546 3219 ductores
1611 3153 1984 3236 adfuerunt,
2051 3152 2552 3240 praecedentem

408 3248 593 3330 ignes
640 3244 936 3310 flammae
982 3243 1287 3328 diuidere,
1338 3253 1404 3309 et
1433 3243 1590 3308 duos
1622 3243 1705 3308 ab
1737 3253 2012 3329 utroque
2041 3245 2244 3308 latere
2275 3245 2551 3308 circum-

410 3336 699 3400 uolantes
746 3334 829 3400 ab
876 3335 1127 3416 ignium
1174 3355 1243 3397 se
1288 3332 1574 3419 periculo
1623 3331 1988 3398 defendere.
2082 3329 2266 3396 Vidit
2331 3342 2554 3398 autem

412 3434 477 3488 et
510 3421 855 3489 daemones
888 3445 1003 3509 per
1033 3424 1253 3506 ignem
1297 3423 1594 3487 uolantes
1639 3420 1936 3486 incendia
1982 3421 2293 3486 bellorum
2327 3431 2555 3486 contra

411 3507 613 3578 iustos
676 3523 941 3578 struere.
1038 3507 1409 3598 Sequuntur
1469 3510 1778 3576 aduersus
1839 3512 2050 3596 ipsum
2109 3511 2555 3576 accusationes

411 3603 861 3687 malignorum,
902 3601 1306 3666 defensiones
1332 3601 1675 3686 spirituum
1701 3600 2032 3680 bonorum,
2067 3600 2387 3686 copiosior
2413 3623 2557 3665 cae-

412 3689 671 3755 lestium
702 3693 1036 3776 agminum
1069 3691 1261 3773 uisi03
1310 3689 1424 3755 sed
1451 3699 1523 3754 'et
1554 3691 1837 3753 uirorum
1871 3687 1950 3754 de
1982 3711 2097 3753 sua
2132 3689 2559 3757 natio<ne>

416 3787 815 3863 sanctorum,
885 3802 1043 3865 quos
1105 3778 1257 3844 olim
1318 3777 1660 3844 sacerdotii
1725 3776 1933 3864 gradu
1991 3801 2122 3842 non
2178 3778 2560 3861 ignobiliter

416 3869 681 3954 potitos,
750 3869 923 3932 fama
967 3869 1097 3932 iam
1156 3867 1498 3953 uulgante,
1563 3876 2001 3954 compererat3
2064 3889 2103 3932 a
2149 3868 2380 3952 quibus
2429 3891 2562 3932 non
