2723 4326
191 179 324 232 1111.
367 179 597 234 25—26.
2209 177 2337 245 215

189 359 536 446 repentina
593 359 728 424 eius
780 359 879 420 ira
931 357 1238 443 corripiat
1295 366 1360 422 et
1416 357 1518 422 uel
1574 357 2034 444 temporalibus
2088 357 2339 422 damnis

193 448 364 512 iuste
421 448 711 513 saeuiens
766 444 1019 531 affligat
1062 447 1170 510 uel
1216 443 1300 510 ad
1344 454 1726 534 perpetuam
1772 445 2197 532 perditionem
2230 445 2341 511 de-

185 537 486 602 strictius
533 536 904 601 examinans
949 533 1150 600 tollat.

1127 769 1210 832 26
1261 765 1417 854 [24].

593 926 683 982 De
720 927 919 983 morte
957 925 1241 994 Ecgrridi
1280 925 1345 982 et
1382 923 1673 985 Hlotheri
1710 941 1948 994 regum.

382 1068 572 1135 Anno
608 1067 967 1135 dominicae
987 1070 1445 1134 incarnationis
1475 1067 2034 1134 DCLXXXIIII.
2068 1067 2341 1152 Ecgfrid

193 1179 322 1224 rex
351 1156 1067 1246 Nordanhymbrorum,
1136 1160 1330 1222 misso
1369 1155 1779 1242 ⁴Hiberniam
1845 1180 1992 1223 cum
2052 1160 2341 1223 exercitu

192 1246 367 1313 duce
397 1247 656 1331 Berct0,
704 1249 988 1312 uastauit
1032 1248 1269 1312 misere
1315 1257 1581 1332 gentem
1624 1248 1955 1312 innoxiam
1995 1255 2060 1312 et
2098 1247 2343 1311 nationi

200 1335 570 1421 Anglorum
629 1359 888 1423 semper
946 1338 1428 1421 amicissimam,
1491 1339 1584 1402 ita
1627 1345 1700 1401 ut
1746 1359 1827 1401 ne
1873 1336 2161 1401 ecclesiis
2208 1337 2343 1421 qui·

193 1425 353 1492 -dem
399 1434 509 1490 aut
553 1427 956 1491 monasteriis
1001 1448 1228 1490 manus
1277 1434 1573 1512 parceret
1607 1425 1878 1493 hostilis.
1942 1423 2034 1489 At
2069 1424 2344 1489 insulani

202 1523 291 1598 et,
331 1524 639 1602 quantum
671 1514 952 1598 ualuere,
1003 1516 1200 1579 armis
1230 1537 1413 1580 arma
1444 1514 1843 1603 repellebant
1875 1523 1940 1580 et
1970 1517 2344 1579 inuocantes

194 1603 462 1668 diuinae
522 1603 831 1668 auxilium
889 1604 1149 1691 pietatis
1211 1602 1476 1668 caelitus
1533 1627 1601 1669 se
1655 1603 1970 1668 uindicari
2028 1603 2345 1668 continuis

194 1693 319 1757 diu
380 1693 920 1779 inprecationibus
983 1691 1419 1779 postulabant.
1531 1691 1619 1756 Et
1686 1693 1980 1778 quamuis
2047 1690 2346 1756 maledici

203 1803 486 1867 regnum
532 1781 635 1847 dei
681 1781 1007 1868 possidere
1053 1803 1181 1846 non
1226 1782 1503 1867 possint,
1568 1779 1880 1846 creditum
1942 1789 2041 1844 est
2103 1790 2342 1862 tamen,

195 1867 382 1956 -quod
409 1869 497 1955 hi,
546 1871 657 1956 qui
688 1872 916 1935 merito
956 1871 1308 1956 impietatis
1345 1890 1501 1933 suae
1547 1863 2116 1952 maledicebantur,
2166 1870 2343 1933 ocius

205 1961 465 2025 domino
512 1958 764 2024 uindice
807 1981 1050 2046 poenas
1096 1960 1195 2023 sui
1223 1967 1441 2023 reatus
1471 1957 1741 2023 luerent.
1807 1955 2145 2044 Siquidem
2175 1979 2341 2022 anno

205 2057 356 2136 post
400 2046 568 2112 hunc
614 2049 909 2135 proximo
953 2048 1126 2113 idem
1173 2070 1318 2131 rex,
1369 2070 1514 2112 eum
1561 2057 1809 2113 temere
1855 2049 2212 2112 exercitum
2260 2047 2344 2111 ad

199 2135 586 2204 uastandam
631 2136 963 2203 Pictorum
1018 2137 1418 2225 prouinciam
1479 2134 1796 2220 duxisset,
1864 2136 2135 2202 multum
2198 2159 2342 2223 pro-

199 2228 572 2293 hibentibus
618 2228 840 2292 amicis
875 2238 939 2292 et
971 2228 1252 2311 maxime
1295 2227 1527 2292 beatae
1572 2228 1921 2292 memoriae
1952 2222 2340 2308 Cudberct0,

200 2318 314 2403 qui
369 2339 578 2403 nuper
639 2316 853 2381 fuerat
913 2315 1241 2381 ordinatus
1311 2316 1678 2403 episcopus,
1750 2313 2151 2380 introductus
2222 2324 2340 2397 est,

203 2405 656 2471 simulantibus
715 2405 941 2489 fugam
1000 2403 1316 2490 hostibus,
1380 2406 1447 2468 in
1490 2406 1823 2489 angustias
1868 2406 2343 2477 inaccessorum

202 2494 546 2576 montium,
610 2503 676 2558 et
723 2515 870 2558 cum
918 2497 1202 2559 maxima
1245 2502 1433 2581 parte
1479 2496 1841 2581 copiarum,
1903 2515 2062 2579 quas
2123 2514 2342 2557 secum

197 2581 584 2667 adduxerat,
633 2584 953 2647 extinctus
1000 2603 1166 2648 anno
1213 2583 1444 2647 aetatis
1491 2605 1644 2649 suae
1672 2582 1843 2663 XL„
1889 2584 2079 2667 regni
2123 2590 2343 2646 autem

203 2670 388 2757 XV.,
461 2671 564 2736 die
609 2669 806 2736 XIII.
855 2670 1298 2736 Kalendarum
1331 2670 1683 2736 Iuniarum.
1774 2672 1863 2735 Et
1922 2670 2204 2758 quidem,
2272 2679 2343 2734 ut

203 2760 360 2845 dixi,
408 2760 875 2848 prohibuerunt
919 2762 1131 2845 amici,
1179 2782 1261 2826 ne
1279 2759 1405 2824 hoc
1450 2760 1688 2827 bellum
1737 2760 1953 2843 iniret3
2004 2758 2136 2845 sed,
2187 2781 2340 2845 quo·

200 2852 379 2916 niam
426 2871 594 2915 anno
640 2847 1070 2935 praecedente
1123 2850 1420 2914 noluerat
1474 2848 1697 2914 audire
1750 2850 2345 2914 reuerentissimum

201 2949 458 3026 patrem
506 2938 974 3023 Ecgberctum,
1036 2960 1119 3003 ne
1175 2935 1490 3003 Scottiam
1546 2938 1641 3003 nil
1698 2960 1768 3002 se
1828 2938 2193 3004 laedentem
2253 2941 2343 3002 in-

203 3037 546 3115 pugnaret,
594 3028 821 3092 datum
867 3036 963 3092 est
1008 3026 1102 3091 illi
1149 3048 1231 3091 ex
1275 3049 1483 3115 poena
1529 3028 1781 3114 peccati
1826 3026 2017 3112 illius,
2063 3050 2147 3092 ne
2177 3049 2345 3091 nunc

203 3140 335 3201 eos,
385 3118 496 3203 qui
541 3118 756 3203 ipsum
801 3117 885 3182 ab
930 3117 1194 3181 interitu
1239 3138 1551 3181 reuocare
1598 3116 1963 3203 cupiebant,
2011 3115 2281 3182 audiret.

383 3204 489 3269 Ex
522 3228 648 3291 quo
681 3216 974 3291 tempore
1006 3226 1152 3292 spes
1189 3208 1403 3292 coepit
1435 3215 1499 3271 et
1529 3205 1734 3270 uirtus
1765 3207 1952 3289 regni
1981 3202 2345 3287 Anglorum

205 3293 428 3359 ‘fluere
441 3317 519 3360 ac
543 3303 714 3359 retro
741 3293 1044 3380 sublapsa
1066 3293 1317 3359 referri'
1342 3292 1450 3377 (cf.
1484 3292 1661 3379 Very.
1687 3294 1844 3357 Aen.
1865 3291 1938 3357 II
1962 3291 2135 3370 169).
2170 3291 2344 3356 Nam

206 3392 273 3448 et
305 3382 476 3447 Picti
506 3391 748 3447 terram
779 3384 1196 3469 possessionis
1229 3405 1402 3467 suae,
1446 3405 1641 3469 quam
1672 3391 2015 3448 tenuerunt
2044 3381 2245 3466 Angli
2278 3390 2343 3445 et

205 3470 439 3550 scotti,
473 3473 583 3558 qui
616 3483 800 3535 erant
830 3474 898 3535 in
928 3470 1269 3556 Brittania,
1304 3470 1689 3536 Brettonum
1722 3492 1977 3557 quoque
2009 3491 2159 3557 pars
2190 3491 2344 3534 non-

208 3561 382 3626 nulla
410 3560 778 3626 libertatem
810 3569 1214 3646 receperunt,
1264 3582 1457 3646 quam
1492 3569 1558 3625 et
1604 3558 1911 3624 hactenus
1955 3559 2198 3625 habent
2228 3580 2345 3645 per

210 3671 407 3715 annos
440 3651 696 3714 circiter
726 3647 985 3732 XLVI3
1034 3649 1145 3713 ubi
1175 3651 1342 3713 inter
1381 3649 1690 3733 plurimos
1738 3651 1949 3733 gentis
1980 3648 2343 3734 Anglorum

210 3738 311 3803 uel
356 3741 737 3803 interemtos
784 3737 1000 3823 gladio
1038 3736 1143 3802 uel
1175 3738 1437 3802 seruitio
1471 3735 1760 3803 addictos
1790 3738 1895 3801 uel
1926 3735 2007 3801 de
2037 3746 2211 3802 terra
2240 3736 2344 3801 Pi-

212 3835 462 3892 ctorum
476 3828 632 3911 fuga
645 3826 858 3914 lapsos
874 3828 1068 3892 etiam
1087 3827 1644 3892 reuerentissimus
1662 3828 1763 3892 uir
1778 3824 2018 3891 domini
2034 3823 2340 3913 Tr[i]um-
