2723 4326
357 168 483 231 102
2303 168 2374 220 II.
2413 169 2495 223 20.

354 343 644 409 Honorio
701 340 1180 431 archiepiscopo
1228 353 1294 409 et
1337 364 1497 429 rege
1543 342 1878 409 Eadbaldo
1925 344 2198 409 multum
2245 344 2497 411 honori-

354 433 476 497 fice
535 440 869 517 susceptus
918 441 1033 496 est.
1128 433 1326 498 Venit
1371 441 1590 497 autem
1632 434 1785 498 illuc
1829 434 1993 499 duce
2038 433 2244 498 Basso
2290 435 2496 501 milite

353 524 529 606 regis
575 519 855 586 Aeduini
899 520 1267 605 fortissimo,
1316 520 1560 588 habens
1607 543 1827 587 secum
1872 522 2254 587 Eanfledam
2300 523 2499 589 filiam

356 620 422 676 et
467 611 832 676 Vuscfrean
876 608 1081 675 filium
1125 608 1437 693 Aeduini,
1489 633 1611 676 nec
1655 633 1785 676 non
1833 620 1898 676 et
1944 611 2081 675 Yffi
2125 611 2329 677 filium
2379 610 2498 678 Os·

352 700 503 764 fridi
534 697 650 763 filii
684 702 840 783 eius,
877 721 1037 785 quos
1067 709 1296 785 postea
1326 709 1534 764 mater
1567 710 1743 766 metu
1773 700 2096 766 Eadbaldi
2129 710 2194 765 et
2227 700 2500 768 osualdi

352 811 582 873 regum
631 789 806 853 misit
844 790 910 852 in
944 786 1226 854 Galliam
1270 787 1646 854 nutriendos
1691 792 1834 875 regi
1863 789 2342 876 Daegberecto,
2392 794 2499 878 qui

358 887 498 943 erat
558 879 805 943 amicus
864 877 1063 962 illius,
1125 877 1346 963 ibique
1411 879 1602 944 ambo
1649 880 1714 943 in
1760 878 2036 945 infantia
2096 879 2390 944 defuncti
2436 891 2499 946 et

354 971 538 1033 iuxta
581 968 890 1033 honorem
938 965 1044 1031 uel
1088 970 1287 1052 regiis
1333 970 1551 1054 pueris
1611 968 1717 1033 uel
1760 969 2208 1033 innocentibus
2257 969 2500 1035 Christi

354 1079 712 1142 congruum
759 1058 828 1122 in
874 1056 1147 1122 ecclesia
1192 1056 1427 1143 sepulti
1463 1066 1625 1122 sunt.
1691 1055 1931 1122 Attulit
1979 1080 2234 1145 quoque
2279 1082 2499 1124 secum

355 1169 511 1211 uasa
557 1147 838 1235 pretiosa
870 1144 1149 1211 Aeduini
1194 1147 1368 1231 regis
1412 1147 1737 1233 perplura,
1784 1147 1853 1210 in
1885 1148 2117 1232 quibus
2149 1157 2214 1213 et
2245 1170 2501 1213 crucem

355 1258 659 1322 magnam
708 1256 972 1300 auream
1020 1242 1085 1299 et
1132 1236 1396 1300 calicem
1444 1257 1710 1300 aureum
1757 1245 2204 1301 consecratum
2249 1236 2334 1301 ad
2379 1240 2498 1302 mi-

354 1326 706 1390 nisterium
741 1324 984 1409 altaris,
1041 1344 1205 1409 quae
1248 1324 1558 1389 hactenus
1603 1325 1672 1389 in
1717 1326 1990 1390 ecclesia
2038 1322 2306 1391 Cantiae
2355 1349 2502 1392 con-

360 1421 618 1478 seruata
662 1421 1123 1477 monstrantur.

538 1500 684 1581 Quo
728 1505 797 1565 in
840 1510 1135 1588 tempore
1166 1498 1508 1565 Hrofensis
1557 1501 1831 1566 ecclesia
1875 1511 2201 1589 pastorem
2233 1503 2499 1569 minime

356 1591 641 1657 habebat
687 1612 793 1674 60,
858 1589 1027 1676 quod
1072 1590 1401 1655 Romanus
1460 1590 1718 1677 praesul
1776 1591 1948 1656 illius
2006 1591 2091 1657 ad
2135 1591 2501 1658 Honorium

358 1703 597 1768 papam
646 1702 684 1744 a
715 1679 896 1744 Iusto
944 1678 1430 1767 archiepiscopo
1477 1678 1831 1764 legatarius
1876 1682 2112 1747 missus
2157 1682 2503 1769 absorptus

358 1771 567 1834 fuerat
628 1768 930 1834 fluctibus
976 1767 1192 1834 Italici
1256 1770 1484 1833 maris:
1551 1790 1628 1833 ac
1685 1791 1805 1856 per
1861 1769 1986 1834 hoc
2048 1792 2268 1835 curam
2329 1771 2502 1836 illius

358 1859 691 1946 praefatus
736 1859 1045 1923 Paulinus
1109 1858 1489 1923 inuitatione
1536 1857 1813 1923 Honorii
1871 1861 2176 1925 antistitis
2222 1870 2291 1925 et
2334 1860 2504 1925 Ead-

360 1946 536 2013 baldi
598 1949 776 2033 regis
837 1948 1122 2034 suscepit
1180 1969 1259 2011 ac
1317 1947 1553 2031 tenuit,
1615 1970 1819 2035 usque
1879 1947 2032 2013 dum
2080 1957 2146 2014 et
2189 1951 2330 2036 ipse
2393 1972 2505 2013 suo

362 2047 653 2123 tempore
696 2034 779 2102 ad
836 2037 1139 2102 caelestia
1195 2057 1402 2120 regna
1461 2058 1608 2101 cum
1669 2037 1934 2121 gloriosi
1991 2037 2205 2103 fructu
2262 2038 2504 2104 laboris

364 2124 671 2193 ascendit.
748 2125 828 2192 In
876 2147 1003 2212 qua
1051 2126 1322 2192 ecclesia
1368 2127 1646 2191 moriens
1694 2125 1963 2214 pallium
2009 2149 2285 2214 quoque,
2335 2127 2507 2216 quod

364 2239 403 2280 a
448 2217 739 2283 Romano
786 2238 958 2304 papa
1004 2224 1367 2302 acceperat,
1416 2216 1694 2302 reliquit.

539 2307 915 2392 Reliquerat
962 2315 1181 2370 autem
1216 2307 1285 2369 in
1314 2303 1588 2370 ecclesia
1617 2327 1734 2369 sua
1765 2304 2164 2371 Eburaoensi
2194 2304 2506 2371 Iacobum

365 2395 732 2478 diaconum,
804 2397 1017 2458 uirum
1062 2395 1287 2479 utique
1335 2393 1843 2484 ecclesiasticum
1891 2402 1955 2460 et
2001 2405 2325 2480 sanctum,
2400 2399 2506 2482 qui

364 2485 565 2549 multo
598 2483 831 2550 exhinc
862 2493 1157 2570 tempore
1186 2485 1255 2549 in
1286 2483 1560 2548 ecclesia
1605 2505 1875 2549 manens
1919 2506 2191 2569 magnas
2237 2486 2508 2570 antiquo

362 2573 533 2638 hosti
563 2573 839 2662 praedas
871 2572 1160 2638 docendo
1192 2580 1257 2636 et
1286 2570 1676 2659 baptizando
1724 2573 1989 2659 eripuit:
2039 2575 2218 2638 cuius
2248 2577 2509 2640 nomine

365 2664 562 2746 uicus,
613 2665 681 2728 in
711 2684 837 2749 quo
877 2662 1159 2727 maxime
1205 2661 1454 2726 solebat
1497 2660 1815 2744 habitare,
1861 2663 2046 2727 iuxta
2076 2661 2508 2746 Cataractam,

365 2772 568 2836 usque
630 2750 821 2815 hodie
885 2751 1398 2836 cognominatur.
1493 2750 1649 2835 Qui,
1721 2752 2026 2838 quoniam
2091 2751 2396 2817 cantandi
2440 2754 2512 2817 in

368 2840 638 2904 ecclesia
684 2848 821 2904 erat
864 2841 1314 2927 peritissimUS,
1363 2850 1746 2924 recuperata
1789 2839 2196 2928 postmodum
2243 2864 2407 2927 pace
2444 2843 2510 2905 in

367 2929 698 3016 prouincia
744 2937 809 2992 et
855 2939 1183 2994 crescente
1237 2950 1506 2993 numero
1567 2927 1877 3015 fidelium,
1941 2931 2136 2994 etiam
2195 2933 2510 3015 mag-ister

370 3017 845 3084 ecclesiasticae
921 3019 1249 3104 cantionis⁸
1308 3019 1492 3082 iuxta
1566 3040 1810 3084 morem
1885 3019 2327 3084 Romanorum
2371 3026 2510 3085 'seu

370 3106 863 3173 Cantuariorum
924 3109 1142 3173 multis
1204 3107 1423 3193 coepit
1484 3108 1789 3172 existere:
1864 3117 1929 3172 et
1986 3110 2127 3195 ipse
2185 3131 2386 3174 senex
2433 3132 2509 3174 ac

369 3197 593 3284 plenus
627 3196 895 3283 dierum,
944 3199 1127 3262 iuxta
1164 3197 1515 3283 scripturas
1548 3193 1687 3282 (Iob
1720 3199 1826 3282 42,
1865 3195 1998 3283 16),
2046 3207 2306 3285 patrum
2334 3200 2510 3263 uiam

373 3298 628 3351 secutus
676 3296 791 3354 est.
