2723 4326
419 207 505 271 50
2240 207 2284 260 Ι.
2323 209 2569 265 28-29.

416 383 828 446 innocentem
873 380 1036 446 falsa
1080 383 1296 468 opinio
1341 403 1473 447 non
1518 381 1786 469 affligat.
1850 383 2031 448 Deus
2063 392 2128 448 te
2171 384 2575 451 incolumem

349 513 360 526 ·
419 470 758 553 custodiat,
804 473 1330 536 reuerentissime
1378 471 1597 537 frater.

593 560 772 624 Data
829 559 934 625 die
979 559 1069 629 X.
1117 559 1563 626 Kalendarum
1622 561 1932 626 Iuliarum
1946 612 1965 647 ,
2028 564 2386 649 imperante
2447 562 2567 629 do-

416 649 590 713 mino
663 656 884 713 nostro
949 647 1263 714 Mauricio
1333 649 1599 714 Tiberio
1671 653 1958 738 piissimo
2023 650 2322 736 Augusto
2390 675 2571 719 anno

417 736 667 803 decimo
713 759 902 821 nono,
949 747 1097 826 post
1129 739 1531 804 consulatum
1564 738 1850 805 eiusdem
1882 738 2126 805 domini
2156 743 2361 806 nostri
2392 763 2572 808 anno

417 827 667 892 decimo
716 835 963 912 octau0,
1011 827 1360 893 indictione
1408 829 1678 914 quarta.'

1434 1119 1539 1182 29.

476 1290 558 1348 vt
593 1290 757 1346 idem
792 1290 1145 1358 Augustino
1184 1290 1447 1360 pallium
1487 1292 1552 1347 et
1586 1291 1923 1361 epistulam
1960 1292 2026 1348 et
2061 1291 2280 1362 plures
2314 1292 2501 1348 uerbi

1164 1379 1497 1436 ministros
1535 1381 1809 1437 miserit.

594 1540 948 1606 Praeterea
992 1538 1166 1605 idem
1211 1562 1383 1627 papa
1429 1537 1789 1626 Gregorius
1820 1539 2188 1627 Augustino
2235 1543 2565 1628 episcopo,

419 1629 570 1715 quia
617 1639 1035 1715 suggesserat
1082 1631 1142 1693 ei
1187 1630 1463 1695 multam
1510 1628 1769 1715 quidem
1792 1632 1885 1696 ibi
1916 1653 2057 1696 esse
2100 1653 2397 1714 messem,
2446 1631 2567 1696 sed

418 1721 748 1806 operarios
795 1740 1055 1805 paucos,
1103 1719 1279 1783 misit
1327 1741 1475 1784 cum
1520 1719 1832 1806 praefatis
1874 1721 2208 1805 legatariis
2256 1722 2385 1785 suis
2416 1721 2561 1806 plu-

416 1831 522 1872 res
569 1817 1019 1894 cooperatores
1065 1830 1142 1870 ac
1187 1808 1374 1873 uerbi
1436 1811 1799 1874 ministros:
1864 1811 1934 1874 in
1978 1809 2211 1896 quibus
2254 1810 2449 1895 primi
2498 1819 2564 1874 et

416 1897 751 1983 praecipui
799 1905 984 1962 erant
1023 1895 1329 1979 Mellitus,
1378 1896 1614 1982 Iustus,
1663 1897 1991 1982 Paulinus,
2040 1897 2447 1982 Rufinianus3
2500 1911 2565 1963 et

416 2009 536 2072 per
595 2008 703 2051 eos
768 1986 1157 2071 generaliter
1221 1987 1553 2070 uniuersa,
1617 2009 1784 2072 quae
1829 1987 1914 2052 ad
1962 1987 2204 2052 cultum
2250 1996 2435 2052 erant
2481 2010 2561 2052 ac

415 2076 846 2140 ministerium
893 2075 1202 2140 ecclesiae
1258 2076 1649 2161 necessaria,
1713 2098 1869 2142 uasa
1914 2074 2216 2142 uidelicet
2260 2098 2445 2141 sacra
2492 2086 2560 2142 et

416 2165 800 2230 uestimenta
859 2166 1188 2249 altarium,
1257 2174 1636 2230 ornamenta
1682 2188 1935 2253 quoque
1982 2166 2427 2250 ecclesiarum,
2490 2176 2558 2231 et

414 2252 836 2320 sacerdotalia
895 2255 1003 2318 uel
1065 2253 1390 2318 clericalia
1451 2253 1853 2335 indumenta,
1925 2264 2293 2320 sanctorum
2359 2256 2558 2322 etiam

415 2344 852 2429 apostolorum
899 2366 976 2407 ac
1023 2351 1386 2429 martyrum
1444 2344 1779 2430 reliquias,
1845 2368 1966 2409 nec
2012 2366 2142 2409 non
2188 2353 2254 2409 et
2300 2343 2556 2410 codices

413 2432 744 2519 plurimos.
829 2430 1012 2499 Misit
1058 2434 1254 2496 etiam
1297 2431 1569 2517 litteras,
1618 2435 1687 2497 in
1733 2433 1964 2519 quibus
2012 2433 2335 2518 significat
2381 2456 2448 2498 se
2497 2435 2557 2498 ei

414 2521 678 2607 pallium
724 2519 1056 2605 direxisse,
1105 2521 1294 2586 simul
1341 2530 1408 2585 et
1452 2523 1753 2607 insinuat,
1803 2523 2080 2608 qualiter
2126 2523 2457 2610 episcopos
2490 2524 2559 2587 in

410 2609 738 2675 Brittania
799 2610 1188 2675 constituere
1252 2608 1608 2695 debuisset3
1677 2633 1949 2698 quarum
2008 2612 2370 2677 litterarum
2430 2614 2555 2677 iste

415 2708 513 2771 est
561 2708 804 2764 textus:

594 2787 1161 2852 ‘Reuerentissimo
1218 2796 1283 2851 et
1339 2789 1741 2853 sanctissimo
1807 2788 1995 2853 fratri
2038 2789 2407 2876 Augustino
2454 2813 2558 2855 co-

416 2878 714 2964 episcopo
763 2874 1124 2961 Gregorius
1171 2898 1395 2942 seruus
1442 2899 1777 2943 seruorum
1821 2876 1947 2943 dei.

594 2962 758 3029 Cum
819 2974 1066 3029 certum
1127 2965 1211 3029 sit
1268 2988 1387 3052 pro
1448 2968 1885 3053 omnipotente
1932 2967 2052 3032 deo
2111 2968 2557 3033 laborantibus

411 3053 763 3119 ineffabilia
809 3057 1057 3120 aeterni
1100 3057 1287 3138 regni
1333 3058 1623 3142 praemia
1679 3058 2027 3139 reseruari3
2090 3056 2275 3121 nobis
2334 3066 2558 3122 tamen

414 3145 505 3209 eis
550 3165 813 3209 necesse
861 3152 958 3209 est
1012 3144 1328 3208 honorum
1388 3143 1705 3210 beneficia
1762 3144 2079 3230 tribuere,
2140 3154 2214 3210 ut
2258 3148 2325 3211 in
2372 3147 2557 3231 spiri-

411 3233 559 3298 talis
607 3234 819 3320 operis
865 3230 1076 3297 studio
1124 3255 1205 3298 ex
1248 3235 1768 3300 remuneratione
1826 3233 2087 3299 ualeant
2139 3233 2557 3320 multiplicius

411 3322 732 3388 insudare.
823 3321 913 3385 Et
960 3324 1114 3408 quia
1169 3343 1339 3386 noua
1384 3321 1748 3408 Anglorum
1794 3322 2065 3388 ecclesia
2122 3322 2205 3388 ad
2264 3325 2553 3409 omnipo-

411 3412 608 3476 tentis
662 3409 768 3476 dei
825 3413 1103 3495 gratiam
1170 3409 1398 3476 eodem
1459 3412 1714 3477 domino
1770 3412 2091 3498 largiente
2152 3422 2218 3477 et
2262 3422 2329 3477 te
2374 3413 2552 3479 labo-

411 3509 600 3565 rante
660 3500 976 3587 perducta
1037 3508 1164 3585 est,
1213 3522 1402 3564 usum
1447 3500 1568 3565 tibi
1625 3500 1804 3587 pallii
1850 3505 1915 3566 in
1965 3524 2043 3566 ea
2087 3501 2173 3567 ad
2218 3502 2355 3567 sola
2400 3503 2553 3567 mis-

411 3609 627 3653 sarum
673 3590 1008 3655 sollemnia
1051 3588 1306 3675 agenda
1352 3588 1789 3654 concedimus:
1838 3593 1932 3655 ita
1961 3600 2032 3655 ut
2080 3612 2198 3677 per
2239 3590 2384 3656 loca
2429 3593 2555 3655 sin-

411 3676 566 3763 gula
609 3676 752 3742 XII
798 3680 1132 3765 episcopos
1178 3676 1462 3763 ordines,
1519 3680 1629 3765 qui
1674 3688 1825 3744 tuae
1872 3679 2247 3745 subiaceant
2293 3678 2553 3759 dicioni,

413 3774 728 3852 quatenus
781 3766 1256 3833 Lundoniensis
1316 3769 1598 3833 ciuitatis
1646 3772 1980 3855 episcopus
2026 3791 2285 3856 semper
2330 3770 2397 3833 in
2442 3791 2554 3855 po-

411 3864 655 3921 sterum
686 3877 726 3919 a
749 3855 994 3943 synodo
1040 3858 1303 3944 propria
1347 3855 1581 3923 debeat
1627 3859 2006 3943 consecrari,
2054 3867 2248 3946 atquc
2293 3857 2556 3925 honoris
