2723 4326
398 176 527 237 252
2353 175 2434 227 V.
2489 176 2590 229 13.

401 348 613 415 dicem
658 371 867 435 neque
912 348 1154 436 aliquid
1200 348 1359 413 mihi
1404 346 1720 414 dicebant.
1817 348 1988 413 Tum
2051 349 2264 414 subito
2315 374 2579 437 super-

398 441 580 504 uenit
626 440 947 503 exercitus
992 438 1423 523 malignorum
1455 447 1522 502 et
1551 435 1954 502 horridorum
1986 438 2168 504 uultu
2192 440 2578 525 spirituum

402 526 792 614 domumque
836 527 1001 592 hanc
1048 536 1115 591 et
1160 528 1445 591 exterius
1491 526 1740 591 obsedit
1793 536 1858 591 et
1903 529 2074 591 intus
2119 529 2420 592 maxima
2482 552 2578 593 ex

398 625 585 703 parte
638 614 927 681 residens
982 615 1292 703 impleuit.
1400 613 1586 679 Tunc
1639 614 1745 679 ille
1755 665 1774 696 ‚
1848 618 1960 701 qui
2014 625 2082 681 et
2141 616 2572 683 obscuritate

398 707 777 770 tenebrosae
831 704 1019 769 faciei
1080 715 1145 769 et
1206 705 1488 789 primatu
1535 703 1704 769 sedis
1752 707 1956 769 maior
2003 727 2145 769 esse
2191 705 2572 770 uidebatur

400 816 645 877 eorum,
691 794 1022 879 proferens
1066 792 1351 857 codicem
1399 790 1758 857 horrendae
1801 794 2064 858 uisionis
2110 803 2177 859 et
2205 797 2566 880 magnitu-

400 882 567 948 dinis
615 884 891 947 enormis
939 891 1004 947 et
1049 880 1348 969 ponderis
1393 902 1561 967 pene
1606 882 2054 968 importabilis,
2094 884 2282 948 iussit
2311 886 2434 947 uni
2473 908 2570 948 ex

402 971 783 1037 satellitibus
839 973 969 1036 suis
1027 971 1185 1036 mihi
1232 969 1315 1035 ad
1357 969 1704 1055 legendum
1750 971 2020 1037 deferre.
2114 969 2332 1049 Quem
2391 995 2563 1037 cum

402 1061 728 1145 legissem,
778 1062 992 1125 inueni
1039 1062 1253 1125 omnia
1298 1058 1572 1143 scelera,
1620 1082 1750 1124 non
1809 1061 2046 1138 solum,
2111 1083 2280 1146 quae
2344 1084 2564 1149 opere

401 1150 507 1215 uel
551 1149 774 1233 uerbo,
824 1148 938 1214 sed
971 1151 1185 1233 etiam,
1220 1170 1387 1234 quae
1417 1150 1790 1213 tenuissima
1821 1150 2213 1235 cogitatione
2243 1154 2560 1237 peccaui,

402 1238 923 1303 manifestissime
968 1239 1035 1301 in
1080 1260 1156 1302 eo
1203 1239 1452 1303 tetricis
1497 1259 1638 1303 esse
1684 1237 2008 1325 descripta
2029 1239 2279 1303 litteris.
2343 1238 2558 1304 Dice·

402 1326 644 1412 batque
703 1326 787 1391 ad
841 1326 1013 1410 illos,
1075 1327 1185 1414 qui
1250 1326 1407 1391 mihi
1465 1326 1882 1410 adsederant,
1943 1329 2114 1391 uiros
2170 1327 2428 1393 albatos
2483 1342 2557 1393 et

402 1416 804 1501 praeclaros:
878 1413 1090 1501 „Quid
1122 1413 1225 1480 hic
1280 1415 1550 1499 sedetis,
1617 1416 1892 1481 scientes
1939 1418 2327 1501 certissime,
2387 1419 2554 1503 quia

403 1514 623 1569 noster
669 1513 767 1569 est
812 1501 1022 1569 iste?“
1072 1502 1590 1591 Responderunt:
1653 1504 1936 1591 „Verum
1967 1505 2211 1587 dicitis3
2257 1508 2552 1593 accipite

404 1603 471 1658 et
533 1594 599 1658 in
646 1593 972 1658 cumulum
1020 1591 1446 1659 damnationis
1491 1603 1748 1659 uestrae
1790 1591 2071 1659 ducite.“
2165 1592 2311 1673 Quo
2362 1594 2550 1660 dicto

404 1684 624 1747 statim
694 1681 1174 1769 disparuerunt:
1246 1689 1714 1768 surgentesque
1759 1680 1884 1747 duo
1930 1685 2306 1770 nequissimi
2353 1686 2546 1770 spiri-

404 1781 528 1855 tus,
577 1770 891 1836 habentes
934 1773 1003 1835 in
1048 1771 1341 1836 manibus
1373 1793 1688 1852 uomeres‚
1727 1783 2182 1858 percusserunt
2211 1795 2336 1857 me,
2369 1796 2546 1839 uuus

405 1863 473 1924 in
518 1862 731 1946 capite
778 1869 843 1924 et
888 1860 1051 1925 alius
1082 1862 1149 1924 in
1177 1860 1376 1947 pede:
1426 1862 1536 1945 qui
1566 1857 1866 1926 uidelicet
1895 1860 2087 1925 modo
2120 1884 2266 1926 cum
2296 1884 2542 1947 magno

404 1958 728 2013 tormento
782 1950 1072 2035 irrepunt
1124 1951 1191 2014 in
1253 1950 1556 2013 interiora
1611 1950 1896 2037 corporis
1939 1952 2089 2035 mei,
2137 1973 2418 2037 moxque
2465 1961 2544 2015 ut

407 2035 491 2101 ad
536 2060 604 2102 se
650 2039 930 2102 inuicem
960 2039 1364 2125 perueniunt,
1399 2039 1640 2102 moriar
1672 2049 1736 2103 et
1765 2040 2010 2125 paratis
2043 2039 2123 2104 ad
2154 2040 2540 2126 rapiendum

403 2148 508 2194 me
554 2124 971 2194 daemonibus
1018 2128 1083 2191 in
1128 2126 1366 2192 inferni
1410 2126 1688 2193 claustra
1733 2127 2112 2214 pertrahar!

585 2213 694 2281 Sic
752 2216 1138 2303 loquebatur
1202 2218 1399 2281 miser
1460 2215 1572 2281 des
1619 2239 1808 2282 crans
1855 2229 1922 2283 et
1965 2240 2094 2282 non
2138 2218 2342 2283 multo
2391 2229 2540 2305 post

406 2304 743 2370 defunctus
774 2306 1255 2392 paenitentiam,
1288 2327 1482 2391 quam
1625 2304 1826 2370 breue
1853 2315 2111 2393 tempus
2142 2330 2288 2371 cum
2321 2307 2535 2373 fructu

403 2395 633 2460 ueniae
679 2394 895 2459 facere
942 2392 1330 2480 supersedit,
1379 2396 1446 2458 in
1491 2404 1828 2460 aeternum
1873 2397 2011 2460 sine
2055 2396 2270 2461 fructu
2313 2399 2536 2484 poenis

404 2483 697 2549 subditus
742 2482 915 2547 facit.
1007 2482 1112 2546 De
1158 2505 1282 2569 quo
1330 2492 1601 2565 constat,
1650 2485 1801 2570 quia
1814 2533 1834 2567 ,
1881 2486 2046 2550 sicut
2094 2486 2322 2550 beatus
2365 2509 2536 2572 papa

406 2571 763 2657 Gregorius
810 2571 892 2637 de
941 2571 1321 2658 quibusdam
1366 2572 1610 2656 scribit,
1658 2595 1788 2637 non
1833 2596 1952 2659 pro
1997 2596 2066 2638 se
2097 2575 2241 2658 ista,
2276 2575 2378 2638 cui
2406 2598 2533 2640 non

405 2663 726 2748 profuere,
775 2659 887 2725 sed
934 2683 1050 2747 pro
1098 2660 1239 2726 aliis
1283 2661 1540 2746 uiderit,
1589 2663 1700 2747 qui
1745 2662 1880 2727 eius
1924 2664 2258 2727 interitum
2306 2683 2530 2748 cogno-

406 2761 657 2815 scentes
703 2748 960 2814 differre
1002 2759 1257 2837 tempus
1303 2751 1758 2836 paenitentiae,
1784 2749 1937 2816 dum
1965 2760 2176 2836 uacat,
2207 2752 2531 2836 timerent,

405 2861 489 2904 ne
521 2839 871 2924 improuiso
918 2840 1142 2904 mortis
1188 2839 1460 2904 articulo
1505 2842 1844 2926 praeuenti
1890 2841 2405 2927 impaenitentes’
2422 2865 2527 2928 pe·

404 2929 623 2993 rirent.
720 2925 909 3005 Quod
940 2936 1160 2993 autem
1191 2927 1444 2992 codices
1475 2927 1762 2994 diuersos
1791 2950 1910 3014 per
1939 2929 2138 2994 bonos
2169 2930 2306 2996 siue
2336 2932 2533 2996 malos

408 3017 670 3103 spiritus
740 3016 863 3082 sibi
921 3015 1086 3081 uidit
1147 3016 1393 3101 offerri,
1456 3016 1536 3082 ob
1600 3017 1667 3082 id
1727 3039 2000 3105 superna
2063 3017 2527 3105 dispensatione

406 3106 651 3172 factum
700 3116 816 3188 est,
864 3115 935 3170 ut
979 3107 1460 3172 meminerimus
1506 3105 1680 3172 facta
1703 3116 1770 3172 et
1815 3109 2240 3191 cogitationes
2286 3118 2528 3174 nostras

404 3217 534 3262 non
578 3197 642 3260 in
688 3204 954 3260 uentum
1001 3193 1291 3261 diffluere
1307 3245 1324 3279 ,
1397 3195 1510 3260 sed
1568 3195 1652 3260 ad
1710 3218 1984 3261 examen
2031 3198 2266 3260 summi
2311 3196 2524 3262 iudicis

406 3294 640 3350 cuncta
685 3285 967 3367 seruari3
1017 3293 1082 3348 et
1128 3285 1265 3348 siue
1308 3306 1429 3370 per
1473 3285 1716 3350 amicos
1759 3284 2024 3369 angelos
2069 3287 2138 3348 in
2181 3283 2309 3350 fine
2352 3286 2523 3351 nobis

406 3371 821 3455 ostendenda,
870 3373 1008 3436 siue
1052 3395 1169 3458 per
1213 3371 1448 3438 hostes.
1541 3370 1730 3452 Quod
1774 3395 1930 3438 uero
1975 3375 2152 3460 prius
2197 3373 2519 3440 candidum

408 3463 696 3529 codicem
742 3462 1148 3548 protulerunt
1190 3462 1429 3547 angeli,
1478 3461 1708 3528 deinde
1753 3471 1966 3526 atrum
2013 3461 2394 3548 daemones3
2437 3465 2520 3528 illi

407 3573 822 3638 perparuam,
870 3551 979 3616 isti
1026 3572 1380 3616 enormem:
1429 3550 2070 3617 animaduertendum
2116 3561 2235 3636 est,
2270 3551 2436 3638 quod
2459 3555 2519 3617 in

408 3641 621 3727 prima
666 3649 880 3704 aetate
912 3639 1079 3706 bona
1109 3640 1326 3727 aliqua
1356 3640 1531 3722 fecit,
1563 3662 1727 3726 quae
1755 3649 1979 3705 tamen
2008 3641 2310 3706 uniuersa
2337 3664 2520 3728 praue

410 3727 666 3812 agendo
714 3729 963 3794 iuuenis
1010 3728 1429 3794 obnubilauit.
1523 3726 1651 3806 Qui
1706 3731 1759 3793 si
1819 3751 1856 3794 e
1916 3731 2235 3794 contrario
2291 3753 2520 3796 errores

413 3817 729 3901 pueritiae
772 3818 1097 3901 corrigere
1142 3819 1209 3882 in
1250 3815 1688 3882 adulescentia
1729 3839 1810 3883 ac
1839 3817 2005 3883 bene
2035 3817 2330 3884 faciendo
2365 3843 2400 3883 a
2427 3817 2515 3884 dei
