2723 4326
150 182 295 235 1111.
337 183 389 237 5.
2179 184 2307 248 175

354 360 646 424 Primum
711 359 1089 446 capitulum:
1155 357 1289 447 „Vt
1344 368 1640 424 sanctum
1699 359 1871 424 diem
1915 358 2197 445 paschae
2242 362 2310 427 in

158 470 515 514 commune
562 470 783 513 omnes
829 467 1159 513 seruemus
1204 448 1525 513 dominica
1582 456 1728 535 post
1771 446 2048 513 XIIII-¹²²
2091 450 2309 515 lunam

156 541 413 605 mensis
457 534 710 623 primi.“

356 626 753 693 Secundumt
825 625 955 713 „Vt
1000 626 1211 691 nullus
1258 628 1706 715 episcoporum
1773 628 2175 714 parrochiam
2223 627 2311 693 al·

156 716 377 781 terius
433 715 725 839 inuaodat,
792 715 907 781 sed
962 724 1299 780 contentus
1355 718 1444 781 sit
1501 716 1966 803 gubernatione
2025 717 2310 782 creditae

158 805 300 870 sibi
387 804 568 870 lebis.

342 828 681 959 If'l'ertium:
758 891 891 980 „Vt
898 943 917 977 ,
976 915 1268 980 quaeque
1336 896 1724 959 monasteria
1770 894 1890 959 deo
1938 906 2311 961 consecrata

160 992 344 1065 sunt,
390 982 548 1048 nulli
594 984 1039 1070 episcoporum
1084 981 1275 1048 liceat
1307 1005 1386 1047 ea
1411 984 1484 1047 ⁴in
1528 982 1741 1070 aliquo
1787 985 2146 1069 inquietare
2191 1006 2312 1050 nec

162 1075 526 1159 quicquam
573 1069 653 1136 de
700 1084 921 1136 eorum
968 1072 1161 1136 rebus
1208 1072 1520 1137 uiolenter
1563 1070 2002 1138 abstrahere.“

354 1160 699 1240 Quartum:
765 1160 897 1248 „Vt
956 1162 1079 1247 ipsi
1138 1161 1438 1226 monachi
1494 1182 1625 1228 non
1682 1162 1965 1246 migrent
2023 1160 2103 1227 de
2164 1161 2309 1226 loco

166 1248 261 1315 ad
306 1250 548 1335 locum,
607 1248 730 1315 hoc
789 1258 888 1314 est
935 1246 1016 1314 de
1060 1252 1455 1316 monasterio
1509 1248 1592 1315 ad
1639 1252 2125 1333 monasterium,
2185 1252 2312 1315 nisi

166 1362 295 1426 per
352 1340 791 1405 dimissionem
848 1340 1094 1425 proprii
1151 1339 1434 1423 abbatis3
1498 1339 1613 1406 sed
1657 1341 1724 1404 in
1771 1362 1847 1405 ea
1891 1350 2316 1427 permaneant

170 1427 600 1511 oboedientia,
635 1450 828 1514 quam
844 1436 1138 1515 tempore
1162 1451 1316 1494 suae
1347 1430 1780 1495 conuersionis
1811 1426 2308 1516 promiserunt.“

354 1516 708 1596 Quintum:
805 1515 937 1604 „Vt
998 1517 1211 1582 nullus
1276 1517 1654 1583 clericorum
1723 1520 2094 1605 relinquens
2162 1541 2308 1605 pro-

173 1607 392 1693 prium
422 1608 813 1693 episcopum,
862 1608 1100 1693 passim
1134 1607 1426 1693 quolibet
1455 1605 1792 1687 discurrat,
1837 1628 2048 1693 neque
2078 1608 2313 1673 alicubi

172 1698 443 1761 ueniens
489 1695 733 1781 absque
774 1693 1326 1760 commendaticiis
1369 1696 1603 1759 litteris
1638 1697 1738 1760 sui
1774 1694 2086 1783 praesulis
2117 1698 2312 1760 susci-

174 1787 409 1871 piatur.
473 1783 663 1863 Quod
694 1784 750 1849 si
782 1783 979 1850 semel
1027 1793 1359 1871 susceptus
1403 1784 1680 1849 noluerit
1725 1786 2033 1849 inuitatus
2078 1782 2310 1869 redire,

177 1882 243 1939 ct
287 1881 624 1960 susceptor
670 1883 737 1939 et
780 1875 866 1958 is,
926 1875 1040 1959 qui
1086 1882 1423 1960 susceptus
1470 1881 1596 1957 est,
1669 1874 2315 1939 excommunicationi

178 1962 558 2028 subiacebit.
570 1960 603 1997 “

354 2050 661 2117 Sextum:
728 2049 859 2136 „Vt
905 2052 1189 2138 episcopi
1254 2060 1452 2137 atque
1515 2049 1731 2116 clerici
1790 2052 2120 2136 peregrini
2165 2074 2314 2117 con·-

177 2142 342 2207 tenti
404 2143 533 2206 sint
590 2141 704 2206 hos
752 2140 1042 2206 italitatis
1103 2161 1370 2206 munere
1429 2140 1669 2224 oblato;
1737 2138 2023 2228 nullique
2090 2162 2316 2207 eorum

176 2233 369 2297 liceat
396 2231 600 2296 ullum
635 2253 671 2294 o
750 2231 918 2295 cium
952 2230 1349 2296 sacerdotale
1381 2230 1626 2316 absque
1655 2231 1976 2316 permissu
2007 2232 2310 2318 episcopi,

178 2323 247 2387 in
293 2323 476 2385 cuius
522 2319 862 2406 parrochia
908 2341 1049 2384 esse
1097 2322 1525 2404 cognoscitur,
1573 2315 1836 2404 agere.“

356 2407 752 2495 Septimum:
823 2407 954 2495 „Vt
1016 2407 1115 2473 bis
1160 2410 1225 2472 in
1290 2431 1457 2473 anno
1517 2407 1796 2495 synodus
1857 2417 2314 2493 congregetur.

180 2495 313 2564 Sed
361 2500 514 2586 quia
559 2497 854 2563 diuersae
901 2519 1132 2562 causae
1177 2497 1540 2584 inpediunt,
1611 2498 1854 2583 placuit
1909 2498 2206 2563 omnibus
2251 2499 2321 2562 in

178 2605 547 2670 commune,
610 2595 683 2651 ut
728 2584 1043 2651 Kalendis
1088 2584 1406 2671 Augustis
1450 2587 1517 2653 in
1562 2588 1732 2672 loc0,
1801 2588 1912 2674 qui
1955 2586 2321 2673 appellatur

180 2675 586 2761 Clofeshoch,
636 2676 839 2741 semel
886 2677 951 2739 in
997 2697 1164 2740 anno
1212 2672 1747 2762 congregemur.“

365 2763 716 2831 Octauum:
788 2763 921 2852 „Vt
967 2763 1177 2828 nullus
1243 2768 1691 2852 episcoporum
1738 2787 1808 2830 se
1855 2765 2182 2852 praeferat
2229 2765 2319 2829 al·

179 2857 305 2920 teri
348 2877 469 2942 per
510 2853 953 2937 ambitionem3
1004 2851 1119 2918 sed
1166 2875 1390 2920 omnes
1436 2863 1791 2940 agnoscant
1820 2862 2091 2944 ‘tempus
2125 2863 2190 2919 et
2221 2876 2320 2918 or-

181 2942 397 3009 dinem
445 2943 966 3028 congregationis
1014 2939 1229 3007 suae.“

357 3031 621 3098 Nonum
690 3031 1043 3118 capitulum
1086 3032 1155 3096 in
1200 3051 1539 3096 commune
1584 3039 1935 3096 tractatum
1977 3040 2120 3096 est:
2190 3030 2323 3117 „Vt

179 3121 397 3208 plures
442 3121 731 3209 episcopi
786 3128 1117 3185 crescente
1175 3142 1443 3185 numero
1503 3118 1788 3186 fidelium
1849 3117 2316 3205 augerentur;“

182 3209 296 3276 sed
342 3210 423 3275 de
468 3210 588 3274 hac
632 3233 705 3276 re
752 3209 834 3274 ad
879 3232 1188 3295 praesens
1235 3210 1546 3274 siluimus.

335 3300 708 3380 ‚Decimum
779 3299 1129 3384 capitulum
1175 3321 1294 3385 pro
1343 3298 1685 3382 coniugiis:
1753 3296 1885 3385 „Vt
1930 3296 2088 3361 nulli
2132 3296 2324 3360 liceat

180 3391 303 3454 nisi
343 3389 708 3476 legitimum
754 3388 995 3453 habere
1042 3387 1408 3452 conubium.
1470 3387 1705 3452 Nullus
1735 3387 2053 3452 incestum
2099 3384 2319 3469 faciat,

178 3478 390 3543 nullus
438 3479 778 3563 coniugem
824 3477 1182 3564 propriam,
1243 3479 1396 3559 nisi,
1451 3485 1526 3541 ut
1571 3483 1864 3541 sanctum
1911 3473 2323 3560 euangelium

182 3565 397 3652 docet,
449 3567 891 3632 fornicationis
937 3588 1158 3651 causa,
1206 3565 1547 3652 relinquat.
1641 3562 1832 3643 Quod
1879 3565 1932 3630 si
1980 3564 2322 3651 quisquam

180 3659 509 3745 propriam
576 3656 898 3744 expulerit
960 3657 1303 3742 coniugem
1371 3655 1665 3739 legitimo
1727 3655 1849 3720 sibi
1911 3654 2321 3720 matrimonio

182 3750 611 3828 coniunctam,
646 3748 700 3810 si
720 3745 1126 3811 Christianus
1147 3767 1287 3810 esse
1302 3753 1482 3810 recte
1505 3742 1801 3829 uoluerit,
1837 3744 1995 3808 nulli
2012 3745 2198 3809 alteri
2222 3763 2322 3806 co·

178 3837 468 3925 puletur3
492 3834 607 3904 sed
618 3836 709 3902 ita
721 3843 1101 3923 permaneat
1110 3843 1223 3900 aut
1232 3837 1532 3922 propriae
1540 3835 1984 3899 reconcilietur
2000 3827 2317 3916 coniugi.“
