2723 4326
390 183 517 247 100
2187 178 2260 231 ΙΙ.
2303 178 2531 232 19—20.

386 359 719 443 reciproca
748 377 1059 442 responsa
1090 355 1171 420 ad
1203 378 1299 439 ea,
1333 376 1507 442 quae
1529 354 1855 442 postulata
1885 354 2160 438 fuerant,
2193 355 2534 420 siluerunt.

386 446 635 527 Quibus
690 446 1021 529 reseratis,
1086 467 1169 510 ne
1214 443 1325 508 diu
1373 453 1592 509 tantae
1634 447 2026 531 quaestionis
2069 444 2281 529 caligo
2331 443 2534 509 indis-

386 558 572 603 cussa
618 543 1018 619 remaneret,
1089 536 1450 620 reperimus
1498 533 1809 620 quosdam
1855 535 2228 621 prouinciae
2275 544 2538 599 uestrae

387 634 612 691 contra
658 622 1084 689 orthodoxam
1129 622 1350 706 fidem,
1408 646 1642 687 nouam
1690 645 1774 688 ex
1817 626 2022 688 ueteri
2067 622 2392 689 haeresim
2438 646 2570 687 re··

382 736 627 779 nouare
673 723 1009 796 conantes,
1066 713 1303 798 pascha
1347 721 1669 794 nostrum,
1729 714 1797 777 in
1843 734 1970 798 quo
2016 712 2388 777 immolatus
2437 720 2538 777 est

387 802 712 886 Christus,
773 801 1081 866 nebulosa
1140 802 1421 886 caligine
1478 802 1836 866 refutantes
1882 812 1948 867 et
1994 810 2225 889 quarta
2277 800 2538 867 decima

385 894 538 958 luna
584 913 728 955 cum
776 888 1097 955 Hebraeis
1144 891 1474 956 celebrare
1518 891 1838 956 nitentes.'

566 978 711 1059 Quo
760 980 1077 1066 epistulae
1123 980 1440 1066 principio
1487 979 1827 1045 manifeste
1873 976 2262 1065 declaratur,
2312 988 2377 1045 et
2424 1000 2535 1043 nu-

386 1070 669 1157 perrime
714 1069 1111 1155 temporibus
1143 1068 1268 1133 illis
1298 1067 1466 1132 hanc
1497 1066 1670 1155 apud
1700 1090 1812 1132 eos
1853 1066 2171 1133 haeresim
2221 1077 2534 1153 coortam,

386 1169 452 1224 et
509 1180 639 1224 non
700 1165 906 1222 totam
966 1180 1186 1222 eorum
1246 1167 1544 1242 gentem,
1607 1155 1718 1222 sed
1779 1156 2091 1244 quosdam
2136 1159 2204 1222 in
2251 1159 2348 1222 eis
2412 1157 2536 1222 hac

386 1249 584 1313 fuisse
630 1246 994 1333 implicitos.

562 1335 884 1421 Exposita
928 1343 1145 1399 autem
1206 1336 1460 1400 ratione
1517 1334 1834 1421 paschalis
1894 1335 2379 1418 obseruantiae,
2442 1336 2534 1400 ita

388 1424 469 1491 de
514 1424 883 1510 Pelagianis
929 1426 996 1488 in
1044 1421 1272 1488 eadem
1318 1424 1596 1511 epistula
1642 1423 1947 1488 subdunt:

565 1512 674 1578 ‘Et
720 1514 841 1578 hoc
891 1534 1147 1600 quoque
1194 1515 1642 1597 cognouimus,
1700 1512 1870 1599 quod
1914 1514 2092 1577 uirus
2136 1512 2538 1597 Pelagianae

386 1603 725 1669 haereseos
774 1602 949 1689 apud
992 1625 1108 1666 uos
1156 1600 1365 1667 denuo
1422 1603 1777 1667 reuiuiscit:
1847 1600 2018 1688 quod
2076 1604 2335 1666 omnino
2392 1600 2538 1666 hor-

385 1701 619 1776 tamur,
666 1702 806 1757 uta
836 1693 1071 1757 uestris
1118 1692 1440 1757 mentibus
1485 1689 1848 1755 huiusmodi
1892 1698 2283 1756 uenenatum
2315 1712 2540 1777 super·

385 1783 662 1847 stitionis
731 1781 981 1846 facinus
1050 1780 1400 1846 auferatur.
1493 1779 1668 1845 Nam
1736 1779 2015 1866 qualiter
2068 1782 2211 1867 ipsa
2280 1802 2540 1867 quoque

385 1868 751 1935 execranda
806 1870 1095 1935 haeresis
1159 1867 1465 1934 damnata
1526 1878 1652 1953 est,
1716 1869 1921 1933 latere
1967 1891 2084 1933 uos
2129 1890 2260 1934 non
2310 1869 2537 1953 debet3

387 1960 539 2044 quia
582 1980 713 2023 non
758 1958 965 2023 solum
1010 1980 1129 2044 per
1173 1960 1331 2023 istos
1380 1957 1690 2022 ducentos
1738 1980 1936 2022 annos
1983 1957 2224 2023 abolita
2257 1967 2378 2041 est,
2429 1957 2542 2023 sed

386 2057 450 2112 et
483 2046 718 2112 cotidie
750 2070 790 2113 a
820 2048 1005 2112 nobis
1045 2056 1357 2135 perpetuo
1405 2046 1815 2111 anathemate
1861 2048 2113 2134 sepulta
2158 2046 2538 2113 damnatur:

386 2146 451 2202 et
495 2137 849 2221 hortamur,
896 2159 999 2220 ne,
1049 2157 1321 2223 quorum
1368 2157 1552 2202 arma
1599 2136 1937 2202 combusta
1983 2146 2152 2222 sunt,
2199 2137 2377 2224 apud
2421 2158 2540 2203 uos

386 2249 609 2292 eorum
685 2229 936 2293 cineres
1014 2227 1422 2291 suscitentur.
1534 2223 1708 2290 Nam
1777 2228 1919 2311 quis
1987 2249 2117 2290 non
2194 2235 2542 2293 execretur

384 2317 736 2403 superbum
797 2327 1019 2381 eorum
1084 2336 1401 2380 conamen
1446 2324 1510 2379 et
1564 2317 1835 2401 impium
1854 2364 1873 2398 ,
1935 2313 2290 2380 dicentium
2350 2337 2542 2403 posse

386 2406 523 2471 sine
582 2413 852 2493 peccato
908 2404 1234 2469 hominem
1289 2405 1567 2468 existere
1623 2426 1704 2468 ex
1760 2405 2022 2490 propria
2077 2406 2421 2470 uoluntate
2479 2413 2543 2470 et

384 2517 514 2559 non
582 2516 662 2559 ex
725 2494 940 2579 gratia
1003 2492 1154 2558 dei?
1246 2493 1335 2558 Et
1401 2494 1683 2581 primum
1754 2491 2017 2578 quidem
2097 2492 2542 2580 blasphemiae

385 2583 855 2668 stultiloquium
932 2590 1029 2646 est
1102 2580 1318 2646 dicere
1397 2604 1537 2647 esse
1611 2582 1939 2647 hominem
2016 2583 2156 2648 sine
2231 2593 2536 2670 peccat03

387 2672 561 2758 quod
629 2673 886 2736 omnino
953 2692 1083 2735 non
1151 2679 1397 2757 potest,
1473 2671 1599 2734 nisi
1673 2692 1837 2735 unus
1914 2670 2236 2736 mediator
2303 2671 2412 2737 dei
2478 2682 2542 2738 et

383 2760 718 2825 hominum
780 2760 975 2824 homo
1041 2757 1337 2824 Christus
1401 2759 1618 2842 Iesus,
1697 2761 1810 2845 qui
1885 2761 2022 2826 sine
2099 2770 2373 2846 peccato
2445 2771 2540 2826 est

386 2858 732 2936 conceptus
778 2859 845 2914 et
887 2857 1131 2935 partus.
1224 2846 1400 2912 Nam
1455 2848 1654 2913 ceteri
1711 2849 2004 2915 homines
2060 2871 2210 2914 cum
2264 2859 2538 2937 peccato

385 2937 686 3021 originali
752 2946 1091 3002 nascentes
1166 2938 1607 3003 testimonium
1679 2939 2256 3023 praeuaricationis
2326 2939 2537 3026 Adae,

386 3029 585 3092 etiam
630 3027 767 3092 sine
814 3025 1053 3090 actuali
1097 3036 1366 3113 peccato
1414 3028 1796 3108 existentes,
1854 3035 2116 3112 portare
2160 3039 2535 3114 noscuntur,

385 3115 737 3181 secundum
808 3114 1192 3203 prophetam
1262 3114 1584 3180 dicentem
1655 3112 1916 3198 (Psalm.
1984 3118 2102 3200 50,
2171 3114 2268 3202 7):
2344 3117 2538 3184 ‘Ecce

386 3207 560 3270 enim
604 3207 672 3269 in
716 3205 1165 3290 iniquitatibus
1214 3213 1566 3290 conceptus
1612 3226 1780 3288 sum,
1831 3213 1898 3269 et
1944 3206 2011 3269 in
2055 3207 2344 3291 peccatis
2393 3231 2536 3274 con-

388 3297 563 3381 cepit
606 3317 711 3360 me
756 3304 968 3360 mater
1012 3297 1204 3358 mea.’

1405 3436 1513 3501 20.

482 3548 561 3604 Vt
598 3548 803 3605 occiso
843 3547 1122 3604 AeduIno
1160 3547 1465 3603 Paulinus
1505 3546 1783 3604 cantiam
1819 3547 2068 3604 rediens
2105 3549 2442 3607 Hrol'ensis

874 3635 1175 3692 ecclesiae
1212 3635 1642 3705 praesulatum
1679 3635 2051 3705 susceperit.

458 3781 469 3798 .
515 3797 533 3816 ς
566 3730 659 3798 At
704 3759 861 3801 uero
907 3735 1187 3801 Aeduini
1236 3758 1384 3800 cum
1431 3735 1652 3800 decem
1701 3745 1765 3800 et
1812 3746 2061 3823 septem
2108 3739 2292 3802 annis
2355 3742 2529 3824 genti

304 3817 751 3912 :lsslss'nglorum
798 3823 991 3888 simul
1034 3832 1099 3888 et
1142 3823 1532 3889 Brettonum
1579 3825 2035 3909 gloriosissime
2079 3840 2446 3913 praeesset,
2493 3852 2526 3894 e
