2723 4326
177 182 276 233 111.
312 178 543 235 21—22.
2186 178 2311 243 139

177 358 566 423 succedente
625 355 716 419 illi
780 356 846 419 in
909 358 1385 442 episcopatum
1400 354 1747 419 Trumheri
1806 356 1945 419 uiro
2005 354 2313 441 religioso

178 457 244 513 et
288 445 670 511 monachica
714 446 846 509 uita
893 445 1206 529 institutO,
1255 438 1516 509 natione
1547 442 1804 529 quidem
1838 442 2075 527 Ang10,
2126 442 2244 509 sed
2276 466 2316 508 a

177 534 422 602 Scottis
499 532 787 599 ordinato
852 534 1176 619 episcopo.
1285 531 1475 609 Quod
1539 532 1937 619 temporibus
2006 532 2316 597 Vulfheri
2414 608 2417 611 ⁴

177 628 376 710 regiS,
424 625 506 689 de
553 646 678 709 quo
723 625 789 687 in
837 622 1250 709 sequentibus
1297 622 1605 704 dicemus,
1654 622 1901 687 factum
1948 630 2064 687 est.

1197 855 1300 917 22.

183 1013 259 1069 vt
298 1010 650 1069 orientales
689 1010 958 1067 Saxones
997 1011 1210 1078 fldem,
1270 1024 1449 1079 quam
1488 1009 1712 1064 dudum
1760 1008 2149 1077 abiecerant,
2206 1011 2318 1067 sub

415 1114 564 1168 rege
604 1099 957 1167 Sigbercto,
998 1099 1403 1168 praedicante
1444 1098 1666 1167 Geddo,
1707 1098 2087 1168 receperInt.

359 1245 459 1309 Eo
506 1254 796 1331 tempore
843 1248 1039 1310 etiam
1087 1243 1455 1311 Orientales
1502 1242 1791 1311 Saxones
1838 1243 2057 1329 fidem,
2126 1266 2319 1331 quam

181 1333 356 1417 olim,
406 1334 672 1419 expulso
705 1332 954 1399 Mellito
1002 1336 1312 1418 antistite,
1363 1335 1753 1417 abiecerant,
1802 1335 2107 1399 instantia
2146 1334 2321 1418 regis

183 1421 394 1488 Osuiu
451 1432 852 1509 receperunt.
945 1424 1109 1487 Erat
1157 1424 1327 1488 enim
1393 1446 1509 1487 rex
1568 1423 1859 1488 eiusdem
1918 1424 2131 1507 gentis
2178 1420 2321 1507 Sig-

180 1512 381 1593 berct,
433 1513 542 1596 qui
574 1520 718 1598 post
749 1510 1160 1596 Sigberctum
1193 1520 1638 1616 cognomento
1670 1512 1953 1575 Paruum
1999 1514 2321 1596 regnauit,

177 1602 428 1666 amicus
477 1600 765 1665 eiusdem
799 1599 1006 1667 Osuiu
1042 1602 1238 1685 regie,
1285 1602 1417 1687 qui,
1466 1623 1613 1665 eum
1658 1600 2031 1686 frequenter
2062 1599 2143 1664 ad
2176 1622 2323 1663 eum

181 1692 246 1755 in
305 1690 709 1777 prouinciam
767 1688 1459 1777 Nordanhymbrorum
1521 1690 1797 1773 ueniret,
1870 1688 2117 1753 solebat
2176 1710 2325 1753 eum

180 1779 430 1844 hortari
473 1777 557 1843 ad
603 1777 1110 1864 intellegendum
1157 1778 1309 1843 deos
1358 1800 1499 1843 esse
1544 1800 1673 1841 non
1716 1799 1925 1882 posse,
1976 1780 2087 1863 qui
2122 1775 2325 1841 homi-

181 1890 336 1931 num
383 1868 680 1932 manibus
726 1868 880 1933 facti
928 1876 1168 1952 essent3
1232 1867 1337 1931 dei
1386 1866 1645 1931 creandi
1691 1868 2031 1932 materiam
2075 1867 2326 1951 lignum

182 1958 290 2035 uel
335 1950 620 2043 lapidem
676 1979 814 2023 esse
871 1980 1002 2022 non
1060 1978 1276 2043 posse,
1339 1978 1610 2042 quorum
1670 1958 1991 2020 recisurae
2037 1955 2144 2021 uel
2190 1956 2327 2041 igni

185 2028 675 2111 absumerentur
719 2046 825 2111 uel
871 2048 938 2110 in
983 2068 1139 2111 uasa
1195 2046 1522 2131 quaelibet
1574 2044 1839 2115 humani
1894 2066 2043 2108 usus
2089 2044 2324 2109 forma-

185 2144 407 2200 rentur
467 2133 572 2200 uel
633 2145 809 2201 certe
868 2135 1187 2222 dispectui
1242 2135 1467 2201 habita
1524 2133 1696 2200 foras
1754 2133 2199 2222 proicerentur
2258 2142 2323 2198 et

186 2224 460 2312 pedibus
495 2226 880 2290 conculcata
924 2227 993 2290 in
1038 2234 1278 2290 terram
1325 2234 1755 2290 uerterentur.
1848 2224 2065 2288 Deum
2112 2223 2324 2310 potius

183 2313 692 2398 intellegendum
720 2317 1058 2379 maiestate
1089 2312 1819 2401 incomprehensibilem,
1852 2312 2147 2377 humanis
2179 2334 2325 2376 ocu-

183 2403 260 2467 lis
306 2403 699 2469 1nuls1b11em
710 2454 727 2487 ,
792 2405 1323 2490 omnipotentem,
1386 2412 1749 2485 aeternum,
1810 2403 1919 2487 qui
1964 2383 2215 2467 caelum
2260 2410 2325 2465 et

181 2502 426 2557 terram
473 2501 538 2556 et
585 2492 938 2557 humanum
985 2515 1198 2596 genus·
1237 2501 1551 2575 creasset,
1618 2500 1903 2576 regeret,
1976 2500 2040 2556 et
2085 2489 2322 2555 iudiea-

185 2591 368 2646 turus
415 2590 585 2646 esset
631 2581 857 2646 orbem
901 2583 970 2647 in
1015 2583 1369 2667 aequitate;
1431 2583 1609 2646 cuius
1656 2579 1843 2646 sedes
1890 2589 2154 2646 aeterna
2198 2601 2327 2644 non

187 2673 251 2734 in
297 2669 412 2733 uili
459 2678 524 2734 et
572 2669 812 2735 caduco
869 2670 1156 2754 metallo,
1219 2669 1334 2734 sed
1380 2673 1445 2734 in
1492 2671 1683 2736 caelis
1749 2678 1917 2734 esset
1978 2667 2323 2750 credenda:

189 2761 553 2862 meritoque
619 2758 1150 2843 intellegendum,
1222 2761 1375 2846 quia
1437 2781 1686 2842 omnes,
1753 2761 1863 2845 qui
1931 2759 2329 2824 uoluntatem

189 2849 346 2932 eius,
395 2870 436 2912 a
467 2869 592 2934 quo
641 2850 864 2914 creati.
889 2858 1058 2932 sunt,
1104 2846 1429 2914 discerent
1476 2858 1540 2914 et
1586 2849 1893 2932 facerent,
1942 2857 2203 2912 aeterna
2245 2847 2328 2912 ab

190 2935 294 3000 illo
343 2938 635 3022 praemia
681 2946 893 3003 essent
938 2939 1326 3024 percepturi.
1392 2935 1576 3002 Haec
1608 2947 1672 3002 et
1717 2935 2082 3002 huiusmodi
2128 2935 2331 3001 multa

190 3047 338 3089 cum
385 3047 506 3090 rex
555 3023 760 3093 Osuiu
807 3028 950 3111 regi
996 3024 1342 3112 Sigbercto
1392 3027 1647 3092 amicali
1694 3035 1759 3090 et
1807 3028 1989 3112 quasi
2043 3025 2329 3090 fraterno

193 3115 456 3180 consilio
503 3137 696 3202 saepe
743 3117 1112 3200 inculcaret,
1168 3114 1431 3181 tandem
1477 3118 1739 3181 iuuante
1786 3115 2138 3179 amicorum
2185 3136 2330 3178 con-

193 3227 386 3268 sensu
418 3203 691 3269 credidit
721 3213 806 3286 et,
854 3204 1026 3270 facto
1057 3227 1205 3270 cum
1234 3207 1365 3271 suis
1398 3205 1681 3287 consilio,
1728 3226 1875 3268 cum
1906 3204 2327 3286 exortatione,

195 3292 564 3358 fauentibus
595 3295 841 3358 cunctis
875 3303 940 3358 et
971 3292 1401 3360 adnuentibus
1441 3293 1613 3377 fidei,
1658 3294 2024 3380 baptizatus
2056 3301 2153 3356 est
2184 3314 2332 3356 cum

197 3383 288 3446 eis
335 3404 376 3446 a
420 3381 670 3448 Finano
719 3385 1017 3470 episcopo
1065 3385 1131 3448 in
1175 3382 1330 3449 uilla
1374 3385 1591 3469 regia,
1639 3385 1817 3447 cuius
1864 3403 2059 3467 supra
2104 3382 2330 3445 memi-

197 3472 434 3554 nimus,
499 3493 662 3558 quae
708 3474 1198 3556 cognominatur
1242 3472 1348 3538 Ad
1396 3471 1674 3536 Murum.
1766 3471 1887 3536 Est
1934 3472 2103 3536 enim
2152 3471 2335 3534 iuxta

199 3582 472 3641 murum,
516 3582 640 3645 quo
675 3559 827 3625 olim
855 3562 1134 3627 Romani
1163 3561 1553 3626 Brittaniam
1584 3561 1858 3627 insulam
1891 3560 2332 3646 praecinxere,

199 3646 341 3713 XII
385 3648 644 3712 milibus
690 3672 996 3734 passuum
1038 3673 1080 3714 a
1126 3651 1290 3715 mari
1336 3650 1631 3715 orientali
1678 3659 1943 3714 secreta.

375 3735 591 3820 Igitur
635 3760 753 3801 rex
789 3735 1092 3822 Sigberct
1139 3742 1385 3803 aeterni
1429 3741 1616 3824 regni
1662 3740 1793 3803 iam
1839 3739 1999 3803 ciuis
2046 3737 2331 3820 effectae,

198 3825 575 3911 temporalis
638 3828 736 3890 sui
794 3830 981 3912 regni
1042 3825 1262 3892 sedem
1324 3829 1535 3915 petiit,
1607 3827 1937 3914 postulans
1996 3827 2078 3892 ab
2128 3823 2335 3893 Osuiu
