2723 4326
159 218 196 270 1.
235 219 318 272 27.
2214 218 2295 282 41

330 393 701 482 Respondit
746 393 1137 480 Gregorius:
1215 395 1304 460 Et
1352 396 1609 482 quidem
1668 397 1735 460 in
1780 393 2145 480 Anglorum
2203 417 2301 459 ec-

159 484 376 568 clesia,
423 486 492 548 in
539 506 672 570 qua
713 483 922 548 adhuc
953 485 1120 549 solus
1153 494 1225 549 tu
1257 486 1597 572 episcopus
1628 486 1956 568 inueniris,
2006 482 2303 549 ordinare

161 575 536 660 episcopum
600 596 729 638 non
793 573 978 638 aliter
1041 575 1164 638 nisi
1229 575 1366 638 sine
1430 575 1747 660 episcopis
1811 585 2017 659 potes.
2128 571 2303 638 Nam

161 662 418 748 quaudo
477 661 560 727 de
609 661 816 729 Gallis
877 664 1164 749 episcopi
1233 665 1529 746 ueniunt,
1597 664 1709 748 qui
1772 664 1839 726 in
1900 660 2301 727 ordinatione

157 753 454 838 episcopi
519 760 716 816 testes
781 751 1142 817 adsistant?
1236 749 1371 818 Sed
1434 753 1911 817 fraternitatem
1974 760 2150 815 tuam
2209 753 2303 815 ita

162 842 464 905 uolumus
513 843 848 927 episcopos
895 841 1223 925 ordinare,
1286 851 1358 905 ut
1421 842 1547 928 ipsi
1606 841 1729 905 sibi
1775 842 2061 927 episcopi
2106 841 2301 925 longo

159 930 502 996 interuallo
547 931 814 996 minime
845 931 1324 1016 disiungantur3
1375 939 1687 1016 quatenus
1734 930 1907 994 nulla
1952 932 2036 994 sit
2080 953 2299 994 neces-

162 1022 348 1102 sitas,
422 1027 496 1083 ut
564 1021 630 1082 in
687 1019 1088 1085 ordinatione
1149 1021 1435 1106 episcopi
1502 1027 1793 1105 pastores
1850 1040 2105 1106 quoque
2170 1019 2299 1104 alii,

155 1131 438 1194 quorum
505 1110 872 1193 praesentia
935 1109 1123 1174 ualde
1170 1118 1266 1173 est
1323 1108 1528 1192 utilis,
1596 1109 1787 1174 facile
1833 1107 2109 1172 debeant
2157 1130 2301 1173 con-

160 1199 408 1264 uenire.
503 1196 669 1262 Cum
729 1199 929 1282 igitur
976 1207 1238 1262 auctore
1286 1197 1407 1262 deo
1470 1199 1563 1263 ita
1609 1198 1851 1263 fuerint
1898 1198 2187 1283 episcopi
2232 1199 2300 1261 in

162 1287 544 1373 propinquis
608 1287 732 1351 sibi
803 1287 959 1352 locis
1020 1287 1328 1368 ordinati,
1400 1309 1518 1373 per
1580 1289 1793 1352 omnia
1854 1288 2299 1373 episcoporum

163 1375 484 1440 ordinatio
543 1375 680 1440 sine
749 1376 1123 1460 adgregatis
1183 1377 1389 1441 tribus
1450 1375 1555 1441 uel
1615 1385 1919 1463 quattuor
1981 1377 2301 1462 episcopis

159 1464 300 1529 fieri
347 1486 481 1529 non
528 1462 737 1529 debet.
831 1463 1001 1530 Nam
1048 1467 1116 1529 in
1161 1467 1316 1551 ipsis
1361 1465 1554 1530 rebus
1600 1465 2025 1551 spiritalibus,
2086 1475 2159 1528 ut
2206 1487 2302 1528 sa·

161 1557 416 1640 pienter
449 1561 514 1617 et
545 1563 797 1618 mature
828 1553 1269 1641 disponantur,
1320 1553 1686 1640 exemplum
1734 1554 1991 1620 trahere
2031 1577 2071 1618 a
2108 1554 2301 1618 rebus

159 1644 362 1708 etiam
412 1643 776 1707 carnalibus
823 1665 1178 1728 possumus.
1260 1641 1453 1708 Certe
1486 1644 1655 1708 enim
1704 1641 1856 1707 dum
1902 1644 2205 1726 coniugia
2234 1644 2303 1706 in

165 1729 404 1796 mundo
453 1730 879 1815 celebrantur,
931 1733 1259 1816 coniugati
1306 1734 1545 1818 quique
1575 1741 2028 1815 conuocantur,
2075 1742 2147 1795 ut
2192 1732 2326 1817 qui'

164 1823 228 1884 in
275 1823 385 1886 uia
429 1823 562 1886 iam
609 1823 892 1905 coniugii
937 1830 1455 1908 praecesserunt,
1518 1823 1586 1885 in
1648 1821 2097 1906 subsequentis
2144 1842 2301 1905 quo-

165 1932 289 1995 que
322 1911 594 1997 copulae
643 1909 880 1994 gaudio
929 1912 1337 1985 misceantur.
1417 1908 1551 1976 Cur
1594 1931 1723 1974 non
1770 1932 1925 1994 ergo
1974 1921 2040 1974 et
2084 1912 2150 1974 in
2182 1909 2303 1972 hac

168 2001 442 2085 spiritali
489 1997 921 2082 ordinatione,
989 2022 1115 2085 qua
1169 2021 1288 2085 per
1333 2021 1588 2064 sacrum
1636 1999 2060 2062 ministerium
2106 1996 2299 2062 homo

167 2087 284 2153 deo
341 2089 783 2173 coniungitur,
848 2089 1008 2153 tales
1070 2089 1487 2171 conueniant,
1551 2089 1661 2174 qui
1720 2085 1825 2152 uel
1880 2089 1949 2152 in
1995 2097 2305 2174 prouectu

167 2175 446 2243 ordinati
493 2180 780 2265 episcopi
837 2178 1192 2263 gaudeant,
1253 2178 1357 2241 uel
1410 2200 1528 2264 pro
1577 2179 1712 2241 eius
1762 2175 2053 2243 custodia
2102 2177 2305 2240 omni-

167 2270 415 2355 potenti
464 2267 585 2333 deo
633 2290 859 2353 pre-ces
905 2268 1148 2353 pariter
1195 2266 1513 2332 fundant?

341 2355 499 2421 VH.
547 2356 980 2441 Interrogatio
1027 2354 1407 2441 Augustini:
1458 2354 1756 2433 Qualiter
1798 2352 2108 2419 debemus
2158 2376 2303 2417 011111

167 2444 532 2511 Galliarum
577 2444 1174 2533 Brittaniarumque
1221 2446 1541 2532 episcopis
1588 2444 1832 2529 agere?

341 2534 700 2621 Respondit
731 2532 1118 2619 Gregorius:
1168 2532 1248 2599 In
1282 2532 1647 2600 Galliarum
1694 2534 2015 2619 episcopis
2060 2532 2306 2595 nullam

167 2624 284 2688 tibi
330 2625 782 2689 auctoritatem
828 2625 1202 2689 tribuimus:
1271 2625 1425 2710 quia
1477 2623 1559 2687 ab
1605 2623 1885 2707 antiquis
1932 2620 2306 2708 praedeces-

165 2735 384 2777 sorum
430 2734 722 2777 meorum
767 2713 1166 2799 temporibus
1212 2713 1479 2799 pallium
1524 2710 1923 2777 Arelatensis
1970 2711 2305 2796 episcopus

167 2803 452 2887 accepit,
523 2824 716 2887 quem
775 2824 891 2865 nos
955 2803 1210 2888 priuare
1258 2802 1641 2866 auctoritate
1690 2809 1997 2887 percepta
2043 2800 2307 2864 minime

167 2890 496 2957 debemus.
580 2888 655 2957 Si
700 2891 902 2973 igitur
947 2892 1300 2975 contingat,
1347 2900 1421 2954 ut
1465 2890 1839 2955 fraternitas
1885 2898 1997 2953 tua
2038 2887 2121 2953 ad
2154 2886 2308 2954 Gral-

167 2980 394 3044 liarum
443 2980 847 3065 prouinciam
905 2989 1222 3063 transeat,
1281 3002 1430 3043 cum
1476 2980 1702 3045 eodem
1749 2978 2133 3043 Arelatense
2181 2978 2309 3063 epi·

167 3092 361 3157 scopo
393 3066 590 3133 debet
638 3089 855 3152 agere,
905 3069 1198 3154 qualiter,
1247 3069 1435 3153 siqua
1480 3077 1630 3133 sunt
1672 3070 1737 3131 in
1771 3069 2087 3154 episcopis
2128 3068 2306 3149 uitia,

171 3161 600 3243 corrigantur.
696 3154 825 3234 Qui
885 3160 938 3221 si
1001 3157 1168 3222 forte
1227 3158 1295 3221 in
1341 3157 1720 3243 disciplinae
1781 3158 2010 3239 uigore
2054 3154 2309 3241 tepidus

167 3250 424 3329 existat,
475 3255 626 3310 tuae
675 3246 1094 3311 fraternitatis
1127 3246 1264 3311 zelo
1297 3245 1744 3311 accendendus
1780 3254 1896 3311 est.
1958 3242 2079 3307 Cui
2112 3244 2311 3307 etiam

165 3338 476 3423 epistulas
541 3335 848 3419 fecimus,
913 3344 984 3399 ut
1029 3358 1176 3400 cum
1221 3344 1375 3399 tuae
1420 3335 1781 3399 sanctitatis
1825 3333 2191 3419 praesentia
2243 3332 2310 3396 in

168 3424 420 3509 Galliis,
471 3433 540 3489 et
587 3426 728 3510 ipse
773 3434 906 3490 tota
949 3434 1165 3489 mente
1213 3423 1573 3507 subueniat,
1622 3435 1685 3488 et
1731 3444 1896 3508 quae
1942 3430 2089 3485 sunt
2136 3442 2311 3485 crea-

165 3518 324 3579 toris
389 3514 598 3579 nostri
659 3514 923 3591 iussioni
986 3514 1331 3595 contraria,
1398 3513 1481 3577 ab
1528 3514 1971 3598 episcoporum
2021 3511 2309 3574 moribus

167 3612 554 3691 compescat.
670 3601 822 3688 Ipse
899 3612 1112 3669 autem
1192 3612 1379 3667 extra
1454 3603 1903 3665 auctoritatem
1979 3600 2311 3685 propriam

169 3696 506 3780 episcopos
557 3689 922 3757 Galliarum
969 3690 1254 3756 iudicare
1299 3712 1427 3755 non
1476 3692 1745 3777 poteris3
1802 3689 1916 3754 'sed
1962 3687 2310 3772 suadendo,

170 3781 560 3848 blandiendo
570 3830 588 3865 ,
653 3782 823 3845 bona
884 3802 1136 3866 quoque
1201 3802 1398 3866 opera
1443 3801 1666 3844 eorum
1726 3779 2068 3843 imitationi
2129 3800 2309 3843 mon-

168 3870 462 3956 strando,
513 3890 864 3957 prauorum
912 3878 1158 3935 mentes
1204 3867 1288 3933 ad
1333 3870 1695 3934 sanctitatis
1742 3866 1952 3933 studia
1998 3867 2308 3949 reforma3
