2723 4326
452 210 537 272 80
2436 205 2509 258 11.
2544 207 2593 260 9.

449 388 832 470 contineret,
882 395 948 450 et
990 386 1260 471 aliquos,
1307 385 1363 448 si
1408 385 1575 451 forte
1619 395 1859 473 posset,
1908 385 1988 451 de
2020 386 2290 472 paganis
2324 381 2419 448 ad
2448 381 2593 448 fidei

447 477 724 560 gratiam
769 471 1202 562 praedicando
1250 483 1677 541 conuerteret.
1742 471 1875 541 Sed
1922 475 2087 540 sicut
2133 473 2472 561 apostolus
2511 474 2593 536 ait

447 561 568 651 (Π.
623 562 764 629 Gor.
812 565 876 649 4,
915 561 1008 650 4),
1058 565 1352 649 quamuis
1398 564 1601 631 multo
1647 573 1941 651 tempore
1986 563 2095 629 illo
2140 563 2490 628 laborante
2532 563 2594 626 in

446 653 674 720 uerbo:
713 651 926 718 -‘Deus
973 653 1214 718 saeculi
1258 651 1447 716 huius
1504 656 1878 720 excaecauit
1922 663 2171 718 mentes
2215 649 2593 735 infidelium,

446 765 528 808 ne
575 743 668 808 eis
715 741 994 828 fulgeret
1039 742 1421 807 illuminatio
1468 742 1789 827 euangelii
1834 742 2079 828 gloriae
2126 739 2421 806 Christi?

623 829 812 896 Anno
869 840 1088 895 autem
1143 840 1455 917 sequente
1509 832 1689 898 uenit
1744 833 1813 897 in
1870 832 2271 918 prouinciam
2333 827 2595 917 quidam

448 920 715 985 sicarius
772 920 1088 985 uocabulo
1135 918 1406 1004 Eumer,
1477 922 1709 985 missus
1767 943 1809 986 a
1866 943 2025 1007 rege
2074 918 2594 986 occidentalium

448 1008 780 1076 Saxonum
810 1010 1071 1075 nomine
1105 1005 1501 1094 cuichelmo,
1551 1032 1817 1097 sperans
1850 1031 1919 1074 se
1962 1030 2194 1095 regem
2222 1007 2595 1074 Aeduinum

447 1119 648 1182 regno
695 1099 982 1164 simulet
1029 1099 1166 1163 uita
1210 1098 1647 1185 priuaturum:
1712 1101 1822 1186 qui
1859 1097 2141 1164 habebat
2188 1100 2395 1163 sicam
2446 1097 2593 1161 bici-

447 1188 652 1275 pitem
715 1188 1095 1270 toxicatam3
1166 1197 1239 1252 ut
1283 1188 1339 1251 si
1394 1187 1551 1252 ferri
1608 1188 1841 1254 uulnus
1901 1189 2112 1252 minus
2172 1185 2255 1253 ad
2317 1194 2595 1251 mortem

447 1278 626 1362 regis
671 1273 1022 1358 sufficeret,
1068 1285 1252 1363 peste
1298 1277 1628 1342 iuuaretur
1672 1276 1926 1345 ueneni.
2019 1276 2329 1341 Peruenit
2382 1283 2595 1340 autem

449 1363 532 1431 ad
561 1386 786 1450 regem
818 1365 1028 1451 primo
1069 1362 1174 1430 die
1203 1363 1485 1452 paschae
1516 1367 1699 1431 iuxta
1729 1387 1987 1432 amnem
2017 1365 2591 1446 Deruuentionem,

449 1454 563 1519 ubi
620 1463 774 1518 tunc
833 1462 976 1520 erat
1033 1453 1187 1518 uilla
1253 1454 1520 1538 regalis,
1590 1456 1985 1542 intrauitque
2046 1455 2230 1541 quasi
2288 1452 2593 1519 nuntium

450 1541 692 1607 domini
751 1543 850 1606 sui
906 1543 1224 1609 referens:
1287 1552 1353 1608 et
1399 1565 1548 1609 cum
1605 1545 1972 1610 simulatam
2027 1542 2429 1628 legationem
2486 1561 2589 1604 ore

450 1640 662 1696 astuto
692 1632 1002 1717 uolueret,
1051 1633 1417 1700 exsurrexit
1446 1641 1736 1720 repente,
1786 1643 1847 1699 et
1882 1633 2230 1718 euaginata
2261 1633 2387 1698 sub
2420 1637 2593 1695 ueste

451 1724 584 1786 sica
640 1722 958 1808 impetum
1016 1721 1173 1786 feeit
1217 1722 1283 1786 in
1331 1742 1578 1807 regem.
1672 1720 1863 1800 Quod
1920 1743 2068 1787 cum
2127 1718 2385 1786 uideret
2432 1717 2591 1782 Lilla

452 1810 745 1874 minister
789 1810 936 1896 regi
979 1811 1424 1894 amicissimus,
1474 1833 1604 1876 non
1633 1811 1877 1877 habens
1909 1819 2162 1876 scutum
2192 1808 2277 1873 ad
2308 1828 2590 1888 manum,

455 1920 581 1985 quo
646 1919 872 1982 regem
915 1921 957 1964 a
997 1921 1158 1965 nece
1221 1899 1626 1982 defenderet,
1694 1921 1847 1964 mox
1908 1900 2295 1986 interposuit
2362 1915 2587 1984 corpus

455 2008 643 2052 suum
688 1997 838 2052 ante
895 1988 1098 2053 ictum
1160 1989 1537 2076 pungentis:
1599 1987 1715 2054 sed
1758 1997 1943 2054 tanta
1987 1990 2053 2053 ui
2099 1988 2300 2053 hostis
2348 1989 2589 2053 ferrum

454 2075 694 2160 infixit,
753 2085 826 2140 ut
883 2099 1001 2165 per
1047 2099 1278 2165 corpus
1339 2078 1560 2143 militis
1620 2077 1815 2143 occisi
1862 2078 2055 2143 etiam
2101 2099 2329 2162 regem
2378 2074 2589 2141 uulne-

454 2175 645 2233 raret.
739 2163 869 2244 Qui
935 2189 1084 2232 cum
1143 2189 1297 2232 mox
1358 2166 1643 2254 undique
1702 2166 1934 2252 gladiis
1993 2167 2453 2255 impeteretur,
2531 2163 2587 2225 in

451 2259 587 2343 ipso
633 2255 912 2328 tumultu
963 2258 1160 2321 etiam
1218 2258 1417 2321 alium
1463 2255 1545 2321 de
1590 2257 1933 2343 militibus,
2003 2259 2108 2322 eui
2158 2277 2402 2321 nomen
2458 2258 2587 2319 erat

449 2343 787 2427 Frodheri‚
837 2346 970 2409 sica
1012 2344 1294 2411 nefanda
1336 2348 1634 2431 peremit.

627 2432 879 2499 Eadem
945 2443 1164 2499 autem
1225 2444 1415 2500 nocte
1482 2444 1891 2500 sacrosancta
1948 2432 2253 2499 dominici
2312 2429 2587 2522 paschae

451 2532 797 2611 pepererat
841 2524 1070 2607 regina
1115 2523 1316 2590 filiam
1360 2526 1525 2608 regi,
1582 2526 1687 2589 cui
1729 2545 1965 2589 nomen
1997 2521 2336 2589 Aeanfled.
2406 2520 2584 2587 Cum-

454 2634 578 2697 que
624 2610 799 2677 idem
840 2635 961 2678 rex
1005 2622 1348 2699 praesente
1395 2613 1665 2678 Paulino
1713 2614 2015 2700 episcopo
2064 2614 2310 2699 gratias
2365 2614 2585 2696 ageret

453 2698 574 2765 diis
634 2702 764 2765 suis
824 2722 942 2787 pro
998 2711 1154 2767 nata
1212 2702 1336 2767 sibi
1382 2700 1543 2786 filia,
1605 2725 1642 2769 e
1690 2710 1918 2767 contra
1962 2702 2301 2789 episcopus
2348 2699 2583 2789 gratias

453 2790 667 2874 coepit
724 2810 922 2874 agere
980 2788 1239 2855 domino
1301 2788 1590 2875 Christo,
1658 2792 1929 2877 regique
1988 2788 2353 2873 adstruere,
2424 2782 2584 2875 quod

452 2880 590 2965 ipse
635 2878 932 2962 precibus
980 2880 1110 2943 suis
1155 2877 1328 2966 apud
1365 2879 1545 2944 illum
1594 2878 1961 2964 obtinuerit,
2008 2889 2082 2944 ut
2111 2882 2340 2964 regina
2371 2895 2581 2964 sospes

454 2975 520 3031 et
549 2965 794 3051 absque
841 2965 1058 3033 dolore
1103 2968 1292 3054 graui
1337 2968 1626 3035 sobolem
1672 2979 2063 3056 procrearet.
2128 2968 2327 3034 Cuius
2371 2964 2581 3034 uerbis

453 3054 808 3121 delectatus
870 3080 987 3122 rex
1053 3057 1351 3144 promisit
1415 3080 1485 3122 se
1552 3057 2021 3125 abrenuntiatis
2082 3054 2267 3123 idolis
2330 3056 2577 3123 Christo

453 3146 843 3209 seruiturum
853 3196 872 3229 ,
935 3146 990 3210 si
1033 3146 1240 3211 uitam
1285 3146 1409 3211 sibi
1455 3154 1521 3211 et
1563 3147 1905 3212 uictoriam
1949 3145 2218 3212 donaret
2272 3138 2581 3234 pugnanti

453 3234 761 3300 aduersus
807 3255 1058 3319 regem,
1116 3258 1155 3300 a
1201 3256 1328 3321 quo
1374 3234 1700 3301 homicida
1743 3235 1881 3321 ille,
1945 3237 2055 3322 qui
2100 3257 2249 3300 eum
2294 3236 2576 3301 uulnera·

451 3334 665 3408 uerat,
726 3324 960 3389 missus
1021 3332 1146 3389 est:
1209 3332 1274 3389 et
1319 3325 1386 3388 in
1431 3325 1668 3411 pignus
1728 3326 2180 3412 promissionis.
2228 3320 2576 3411 implendae

454 3413 726 3479 eandem
779 3412 979 3477 filiam
1034 3434 1219 3478 suam
1265 3412 1521 3479 Christo
1579 3411 2078 3479 consecrandam
2127 3412 2396 3478 Paulino
2462 3408 2579 3497 epi-

455 3523 647 3587 scopo
704 3501 1098 3587 adsignauit3
1171 3524 1337 3588 quae
1392 3502 1723 3589 baptizata
1775 3511 1874 3568 est
1927 3502 2034 3569 die
2090 3512 2312 3567 sancto
2368 3508 2572 3590 pente-

457 3600 664 3655 costes
709 3593 919 3676 prima
964 3590 1048 3656 de
1092 3601 1290 3676 gente
1336 3587 2052 3678 Nordanhymbrorum‚
2102 3614 2249 3657 cum
2294 3588 2573 3657 undecim

457 3677 600 3741 aliis
647 3677 728 3743 de
773 3678 1019 3744 familia
1065 3681 1219 3745 eius.
1865 3678 1870 3682 ’

635 3763 778 3843 Quo
835 3776 1126 3855 tempore
1182 3778 1441 3834 curatus
1488 3792 1527 3833 a
1571 3770 1837 3835 uulnere
1884 3768 2006 3834 sibi
2051 3768 2300 3856 pridem
2348 3768 2570 3835 inflicto

457 3873 574 3939 rex
606 3853 869 3920 collecto
916 3857 1206 3921 exercitu
1235 3859 1412 3923 uenit
1428 3856 1749 3933 ‚aduersus
1782 3867 2045 3944 gentem
2077 3856 2569 3926 Occidentalium
