2723 4326
175 185 214 236 I.
250 185 487 241 30-31.
2234 186 2319 250 53

181 361 424 428 debeat
487 361 882 448 dispensare.
976 363 1158 428 Deus
1206 373 1270 427 te
1323 361 1710 440 incolumem
1772 363 2114 447 custodiat,
2174 361 2327 427 dile·

175 454 464 516 ctissime
503 452 617 516 fili.

353 542 536 606 Data
589 539 694 606 die
740 541 884 606 XV.
932 539 1376 605 Kalendarum
1428 591 1707 606 .....
1723 592 1740 625 ,
1802 542 2161 627 imperante
2219 541 2327 606 do-

171 631 348 694 mino
413 638 639 695 nostro
704 628 1017 694 Mauricio
1086 629 1350 694 Tiberio
1426 631 1717 716 piissimo
1780 628 2079 715 Augusto
2156 652 2326 694 anno

172 718 428 784 decimo
493 742 698 803 ncnc,
775 728 922 805 post
998 718 1401 784 consulatum
1478 718 1763 784 eiusdem
1840 717 2083 783 domini
2157 740 2325 784 anno

175 807 430 872 decimo
481 818 730 892 octau0,
777 806 1128 872 indictione
1177 811 1449 893 quarta.'

1203 1043 1308 1105 31.

174 1197 252 1252 vt
268 1196 690 1265 Augustinum
716 1210 832 1266 per
854 1196 1136 1266 litterari,
1163 1211 1242 1252 ne
1269 1198 1344 1253 ‹le
1370 1198 1721 1254 uirtutibus
1749 1197 1879 1253 suis
1908 1196 2322 1266 gloriaretur,

1035 1287 1328 1343 hortatus
1357 1287 1469 1344 sit.

356 1429 502 1509 Quo
568 1432 634 1495 in
696 1439 988 1518 tempore
1051 1433 1228 1496 misit
1291 1434 1490 1497 etiam
1547 1432 1915 1518 Augustino
1983 1430 2325 1519 epistulam

179 1541 371 1606 super
419 1520 768 1602 miraculis,
819 1541 985 1606 quae
1030 1542 1146 1607 per
1193 1544 1339 1586 eum
1386 1521 1560 1586 facta
1607 1544 1747 1586 esse
1796 1529 2211 1607 cognouerat,
2257 1521 2325 1582 in
2432 1599 2437 1603 .

181 1631 306 1694 qua
354 1631 537 1691 eum,
595 1631 678 1674 ne
724 1630 840 1694 per
885 1610 1141 1674 illorum
1189 1612 1442 1696 copiam
1486 1612 1847 1697 periculum
1897 1610 2190 1676 elationis
2236 1609 2327 1672 in-

180 1707 496 1782 curreret,
545 1698 645 1762 his
692 1697 906 1762 uerbis
952 1697 1273 1764 hortatur:

358 1784 564 1868 ‘Sci0,
631 1786 837 1851 frater
898 1789 1256 1871 carissime,
1319 1789 1474 1874 quia
1536 1790 1944 1876 omnipotens
2005 1788 2162 1853 deus
2208 1812 2328 1875 per

181 1874 593 1940 dilectionem
639 1887 822 1940 tuam
869 1878 937 1941 in
982 1887 1272 1960 gentem,
1344 1899 1539 1964 quam
1585 1879 1740 1962 eligi
1785 1876 2014 1960 uoluit,
2087 1899 2327 1962 magna

183 1965 491 2030 miracula
539 1964 850 2030 ostendit:
921 1964 1088 2030 unde
1134 1988 1397 2031 necesse
1446 1977 1571 2050 est,
1641 1977 1714 2030 ut
1761 1964 1841 2032 de
1888 1965 2117 2030 eodem
2164 1966 2328 2032 don-o

181 2054 441 2118 caelesti
515 2063 579 2118 et
644 2054 928 2118 timendo
993 2055 1279 2140 gaudeas
1345 2065 1411 2120 et
1481 2055 1819 2140 gaudendo
1884 2057 2324 2141 pertimescas

181 2141 484 2209 Gaudeas
531 2142 865 2229 uidelicet,
932 2145 1082 2231 quia
1127 2143 1493 2230 Anglorum
1543 2145 1794 2210 animae
1840 2166 1957 2231 per
2004 2147 2327 2211 exteriora

180 2234 487 2298 miracula
519 2232 603 2298 ad
633 2234 1004 2299 interiorem
1042 2236 1321 2319 gratiam
1367 2234 1857 2321 pertrahuntur:
1906 2236 2323 2319 pertimescas

177 2345 360 2403 uero,
411 2342 494 2387 ne
541 2325 712 2387 inter
757 2324 973 2406 signa,
1021 2345 1185 2408 quae
1231 2323 1420 2407 fiunt,
1480 2323 1771 2388 infirmus
1817 2324 2066 2387 animus
2113 2324 2180 2386 in
2226 2326 2325 2387 sui

177 2413 654 2497 praesumtione
703 2433 772 2476 se
820 2411 1049 2495 eleuet,
1100 2420 1162 2477 et
1193 2412 1365 2477 unde
1395 2413 1567 2478 foras
1598 2416 1666 2477 in
1696 2411 2009 2477 honorem
2055 2410 2321 2496 tollitur,

181 2501 327 2565 inde
373 2523 494 2586 per
539 2502 798 2565 inanem
844 2501 1120 2585 gloriam
1164 2503 1338 2565 intus
1387 2501 1595 2566 cadat.
1661 2500 2035 2566 Meminisse
2088 2502 2325 2566 etenim

181 2588 521 2674 debemus,
586 2591 736 2675 quia
790 2589 1088 2675 discipuli
1135 2613 1282 2653 cum
1328 2591 1564 2676 gaudio
1614 2614 1651 2655 a
1696 2589 2176 2678 praedicatione
2222 2613 2320 2655 re·

179 2677 468 2762 deuntes,
517 2676 670 2743 dum
718 2680 977 2743 caelesti
1013 2681 1325 2764 magistro
1366 2678 1651 2745 dicerent
1703 2677 1824 2765 (eu.
1857 2678 2013 2746 Luc.
2053 2682 2156 2761 10,
2181 2678 2321 2765 17):

183 2767 514 2850 ‘Domine,
571 2769 641 2832 in
683 2769 943 2831 nomine
988 2776 1100 2832 tuo
1147 2770 1343 2832 etiam
1399 2768 1739 2835 daemonia
1790 2769 1977 2833 nobis
2034 2770 2326 2834 subiecta

181 2862 368 2939 sunt',
417 2857 714 2942 protinus
731 2855 1072 2922 audierunt
1104 2854 1222 2940 (eu.
1245 2856 1400 2921 Luc.
1428 2860 1529 2942 10,
1560 2857 1702 2945 20):
1753 2856 1993 2922 ‘Nolite
2040 2857 2325 2944 gaudere

181 2968 368 3032 super
402 2944 545 3029 hoc,
595 2942 705 3009 sed
737 2947 948 3031 potius
980 2945 1283 3031 gaudete,
1333 2947 1487 3031 quia
1530 2949 1792 3011 nomina
1820 2957 2039 3011 uestra
2086 2949 2327 3034 scripta

181 3044 321 3098 sunt
383 3036 454 3098 in
515 3034 738 3098 caelo’.
830 3034 909 3098 In
965 3036 1223 3122 priuata
1297 3036 1469 3099 enim
1537 3046 1603 3100 et
1660 3036 2000 3122 temporali
2077 3037 2325 3101 laetitia

182 3132 463 3188 mentem
509 3132 890 3210 posuerant,
958 3124 1066 3209 qui
1113 3123 1192 3188 de
1239 3124 1564 3189 miraculis
1612 3122 2008 3209 gaudebant3
2082 3126 2196 3189 sed
2243 3124 2322 3188 de

181 3214 436 3296 priuata
481 3213 564 3277 ad
611 3233 1044 3296 communem,
1109 3212 1189 3276 de
1247 3215 1591 3300 temporali
1638 3211 1719 3278 ad
1766 3223 2095 3279 aeternam
2142 3214 2324 3277 laeti-

179 3303 330 3366 tiam
375 3310 789 3385 reuocantur,
863 3301 1094 3387 quibus
1145 3300 1411 3367 dicitur:
1480 3301 1581 3367 ‘In
1624 3301 1747 3365 hoc
1808 3299 2119 3385 gaudete,
2170 3302 2323 3387 quia

181 3392 440 3454 nomina
484 3398 705 3454 uestra
750 3391 993 3477 scripta
1039 3400 1188 3455 sunt
1233 3393 1302 3455 in
1347 3392 1570 3455 caelo’.
1663 3388 1814 3455 Non
1870 3392 2042 3455 enim
2097 3412 2321 3455 omnes

185 3477 366 3543 electi
412 3478 728 3543 miracula
770 3478 1036 3563 faciunt,
1087 3478 1201 3544 sed
1232 3490 1451 3544 tamen
1484 3502 1706 3544 eorum
1736 3480 1997 3544 nomina
2034 3481 2321 3544 omnium

185 3569 246 3630 in
298 3568 477 3631 caelo
531 3577 839 3632 tenentur
893 3566 1234 3655 adscripta.
1331 3567 1639 3632 Veritatis
1696 3568 1935 3633 etenim
1990 3566 2320 3654 discipulis

189 3678 318 3721 esse
363 3656 674 3743 gaudium
721 3678 849 3721 non
895 3655 1109 3741 debet,
1157 3658 1281 3721 nisi
1317 3656 1398 3722 de
1433 3680 1508 3721 eo
1542 3659 1729 3741 bono,
1780 3655 1951 3743 quod
1982 3680 2322 3723 commune

190 3766 327 3895 Eum
403 3747 699 3812 omnibus
774 3744 1047 3830 habent,
1128 3754 1196 3810 et
1253 3747 1319 3809 in
1387 3769 1511 3831 quo
1578 3745 1772 3811 fidem
1838 3748 2121 3812 laetitiae
2191 3768 2321 3811 non

229 3834 436 3900 abent.
