2723 4326
371 173 458 237 94
2168 166 2236 220 11.
2277 167 2504 223 15—16.

371 348 762 436 deprauatus
807 347 1030 412 habuit
1075 348 1435 434 posteriora
1495 346 1717 433 peiora
1773 346 2119 433 prioribus;
2185 348 2275 412 ita
2319 356 2389 411 ut
2434 347 2508 411 in

371 458 616 502 morem
662 438 1070 522 antiquorum
1119 432 1675 501 Samaritanorum
1720 447 1783 499 et
1819 432 2074 501 Christo
2122 436 2361 501 seruire
2408 437 2504 499 ui-

371 526 632 592 deretur
679 536 741 590 et
785 526 935 611 diis,
997 525 1226 611 quibus
1271 534 1463 590 antea
1509 523 1857 606 seruiebat,
1920 533 2115 610 atque
2161 528 2229 591 in
2274 524 2507 589 eodem

369 616 520 681 fano
568 624 632 679 et
688 616 894 680 altare
949 613 1215 679 haberet
1270 613 1350 678 ad
1410 610 1791 679 sacrificium
1840 612 2082 679 Christi
2136 622 2201 679 et
2254 613 2508 679 arulam

371 704 454 769 ad
523 705 817 768 uictimas
886 703 1385 769 daemoniorum.
1479 701 1669 781 Quod
1734 701 2035 768 uidelicet
2101 703 2322 769 fanum
2385 725 2510 767 rex

371 791 660 859 eiusdem
703 793 1070 881 prouinciae
1101 790 1391 877 Alduulf,
1440 793 1550 878 qui
1589 799 1811 857 nostra
1854 800 2069 857 aetate
2114 791 2253 877 fuit,
2301 813 2511 878 usque

370 880 453 947 ad
515 903 698 945 suum
765 891 1021 969 tempus
1087 880 1473 968 perdurasse
1542 888 1609 945 et
1668 902 1735 945 se
1795 882 1861 945 in
1924 883 2203 969 pueritia
2268 878 2513 945 uidisse

372 970 749 1037 testabatur.

550 1059 712 1124 Erat
742 1067 957 1124 autem
1004 1058 1330 1145 praefatus
1363 1080 1481 1123 rex
1512 1057 1806 1123 Reduald
1834 1067 1989 1124 natu
2020 1057 2252 1124 nobilis
2284 1081 2513 1146 quam-

373 1149 530 1213 libet
575 1156 724 1214 actu
770 1147 1099 1233 ignobilis,
1160 1145 1327 1212 filius
1378 1146 1606 1233 Tytili,
1669 1148 1847 1212 cuius
1892 1155 2077 1233 pater
2121 1147 2243 1213 fuit
2286 1146 2510 1235 Vuffa,

373 1261 414 1303 a
460 1259 585 1323 quo
638 1258 828 1322 reges
876 1234 1306 1304 Orientalium
1352 1235 1709 1320 Anglorum
1755 1236 2099 1322 Vuffingas
2154 1237 2509 1325 appellant.

551 1323 794 1390 Verum
827 1322 1157 1411 Eorpuald
1185 1347 1311 1389 non
1342 1323 1565 1409 multo,
1612 1334 1952 1411 postquam
1998 1326 2189 1391 fidem
2235 1328 2510 1415 accepit,

375 1423 668 1502 tempore
723 1416 970 1478 occisus
1018 1423 1117 1478 est
1161 1437 1200 1479 a
1245 1415 1387 1478 uiro
1431 1414 1661 1500 gentili
1706 1416 1965 1479 nomine
2009 1414 2381 1500 Ricberct03
2441 1426 2515 1480 et

381 1502 613 1569 exinde
658 1503 863 1568 tribus
911 1503 1091 1567 annis
1138 1504 1473 1590 prouincia
1502 1506 1568 1567 in
1600 1525 1818 1568 errore
1849 1512 2107 1569 uersata
2138 1513 2255 1590 est,
2303 1505 2515 1570 donec

377 1594 627 1679 accepit
689 1614 964 1677 regnum
1029 1591 1230 1657 frater
1295 1591 1583 1657 eiusdem
1636 1591 1989 1678 Eorpualdi
2044 1589 2346 1677 Sigberct
2405 1594 2515 1658 uir

374 1703 493 1768 per
525 1682 738 1746 omnia
769 1678 1350 1747 christianissimus
1396 1690 1591 1767 atque
1637 1678 2059 1765 doctissimus,
2108 1684 2217 1767 qui
2246 1684 2515 1765 uiuente

374 1768 584 1835 adhuc
627 1770 828 1836 fratre
884 1791 1029 1834 cum
1091 1771 1380 1835 exularet
1425 1772 1494 1835 in
1539 1766 1783 1855 Gallia,
1860 1768 2011 1834 fidei
2086 1774 2513 1836 sacramentis

376 1859 662 1924 imbutus
694 1868 811 1943 est,
859 1881 1131 1945 quorum
1176 1860 1579 1946 participem,
1625 1881 1779 1923 mox
1807 1859 1919 1923 ubi
1948 1881 2226 1943 regnare
2272 1862 2509 1947 coepit,

376 1956 578 2013 totam
649 1972 828 2013 suam
893 1950 1288 2035 prouinciam
1353 1948 1569 2013 facere
1634 1950 1901 2012 curauit.
2012 1946 2210 2014 Cuius
2278 1949 2513 2013 studiis

378 2036 835 2122 gloriosissime
880 2038 1042 2102 fauit
1088 2037 1274 2101 Felix
1321 2037 1677 2124 episcopus,
1727 2039 1837 2122 qui
1868 2034 1947 2101 de
1979 2034 2514 2124 Burgundiorum

377 2126 694 2213 partibus,
763 2126 900 2193 ubi·
934 2135 1110 2192 ortus
1172 2136 1238 2192 et
1300 2126 1629 2192 ordinatus
1692 2136 1814 2210 est,
1882 2149 2026 2191 cum
2087 2128 2367 2193 uenisset
2424 2126 2515 2192 ad

378 2215 739 2282 Honorium
813 2215 1364 2303 archiepiscopum
1437 2217 1623 2300 eique
1699 2215 2045 2280 indicasset
2120 2215 2517 2282 desiderium

379 2328 580 2390 suum,
629 2307 805 2370 misit
835 2326 984 2370 eum
1013 2304 1095 2369 ad
1126 2305 1628 2391 praedica-ndum
1656 2305 1926 2370 uerbum
1956 2305 2131 2370 uitae
2176 2305 2513 2393 praefatae

377 2396 622 2459 nationi
647 2393 1053 2479 Anglorum.
1143 2393 1207 2458 N
1212 2416 1287 2458 ec
1331 2403 1486 2458 uota
1530 2394 1730 2480 ipsius
1773 2396 1842 2458 in
1888 2415 2139 2459 cassum
2186 2394 2513 2480 cecidere3

378 2485 530 2569 quin
577 2485 786 2570 potius
832 2483 1114 2547 fructum
1158 2484 1224 2547 in
1269 2505 1347 2548 ea
1393 2481 1813 2569 multiplicem
1867 2481 2263 2548 credentium
2307 2507 2515 2570 popu-

375 2573 586 2637 lorum
631 2574 774 2657 pius
820 2573 963 2657 agri
1010 2571 1314 2658 spiritalis
1361 2572 1565 2636 cultor
1610 2573 1872 2637 inuenit.
1938 2568 2274 2657 Siquidem
2304 2581 2515 2638 totam

378 2661 552 2726 illam
600 2662 995 2747 prouinciam
1039 2662 1218 2725 iuxta
1265 2661 1364 2724 sui
1408 2662 1685 2726 nominis
1732 2669 2201 2726 sacramentum
2240 2685 2277 2726 a
2313 2662 2518 2747 longa

379 2751 716 2835 iniquitat-e
772 2757 966 2835 atque
1021 2749 1395 2814 infelicitate
1451 2749 1787 2814 liberatam
1833 2748 1915 2814 ad
1960 2748 2153 2814 fidem
2200 2758 2265 2815 et
2312 2773 2518 2836 opera

379 2839 658 2902 iustitiae
691 2861 765 2903 ac
795 2847 1145 2924 perpetuae
1176 2837 1502 2903 felicitatis
1549 2837 1717 2903 dona
1760 2837 2077 2925 perduxit,
2127 2841 2517 2924 accepitque

381 2925 597 2991 sedem
644 2927 1045 3013 episcopatus
1092 2930 1158 2991 in
1206 2929 1468 2992 ciuitate
1499 2927 1823 2992 Domnoc:
1875 2937 2114 2992 etcum
2162 2925 2381 2992 decem
2431 2951 2516 2994 ac

381 3024 632 3102 septem
663 3037 860 3080 annos
908 3015 1118 3080 eidem
1162 3017 1532 3103 prouinciae
1578 3013 1929 3102 pontificali
1973 3017 2288 3101 regimine
2320 3039 2514 3103 prae-

380 3114 568 3189 esset,
614 3103 854 3170 ibidem
899 3106 966 3169 in
1010 3127 1170 3192 pace
1215 3107 1419 3169 uitam
1465 3102 1691 3170 finiuit.

1393 3285 1496 3349 16.

489 3421 567 3478 Vt
602 3421 902 3478 Paulinus
939 3422 1006 3478 in
1042 3423 1371 3492 prouincia
1406 3423 1678 3479 Lindissi
1716 3423 2200 3496 praedicanerit,
2238 3424 2303 3480 et
2340 3424 2415 3479 ‹le

1019 3511 1325 3581 qualitate
1360 3511 1542 3580 regni
1580 3511 1867 3568 Aeduinl.

559 3634 981 3702 Praedicabat
1010 3647 1229 3704 autem
1259 3639 1563 3703 Paulinus
1594 3637 1866 3704 uerbum
1902 3641 2097 3704 etiam
2142 3630 2520 3726 prouinciae

383 3721 682 3809 Lindissi,
732 3748 896 3812 quae
941 3731 1039 3793 e'st
1068 3729 1279 3815 prima
1309 3726 1390 3792 ad
1421 3727 1842 3793 meridianam
1862 3727 2198 3793 Humbrae
2228 3725 2518 3794 fluminis

380 3812 610 3898 ripam,
658 3817 1031 3902 pertingens
1077 3839 1278 3903 usque
1324 3816 1408 3881 ad
1452 3839 1653 3903 mare,
1699 3818 2225 3905 praefectumque
2273 3815 2518 3884 Lindo-
